3159 5150
815 568 951 623 ..36-

384 712 544 798 littusque
566 710 607 778 ob
627 710 825 779 occidentali
845 711 941 778 collis
962 710 1047 798 pede
1076 730 1184 797 usque
1207 711 1248 778 ad
1273 712 1383 778 rivum

385 838 442 924 qui
469 804 951 931 aquilonemfversuseffluit,
979 835 1193 922 praetexebat.
1219 834 1270 901 Ad
1294 835 1382 902 occi·
1408 887 1413 899 ..

385 961 521 1030 dentem
545 959 792 1048 meridiemque
813 961 947 1028 iuventa
966 965 1065 1038 sunt,
1097 960 1228 1027 circiter
1250 964 1384 1027 centum

385 1085 539 1176 passibus
559 1085 601 1152 ob
623 1086 782 1154 extremis
802 1083 972 1151 hodierna
990 1082 1308 1164 civitatisaedificiis
1331 1104 1384 1151 se·

267 1291 270 1298 ¹
384 1213 500 1301 pulcra
513 1229 588 1298 quaa
603 1210 638 1275 in
652 1211 716 1278 viis
731 1210 869 1289 scimus,
888 1208 1015 1276 circum
1030 1214 1141 1297 portas
1154 1208 1301 1286 urbium,
1316 1228 1385 1275 non

385 1337 420 1402 in
440 1336 523 1424 ipsis
546 1334 700 1412 urbibus,
723 1354 797 1401 esse
816 1333 889 1400 sita.
917 1334 1002 1400 Turn
1020 1333 1063 1400 ad
1084 1335 1262 1411 orientem,
1285 1331 1385 1421 paulo

385 1454 485 1551 supra
513 1461 680 1540 rivulum,
712 1460 784 1527 solo
805 1462 877 1549 jam
901 1460 1109 1548 aliquantum
1134 1464 1330 1547 assurgente
1350 1458 1385 1524 in

385 1587 526 1666 collem,
556 1587 721 1654 moeuium
740 1586 882 1674 vestigia
900 1592 1032 1654 exstant
1051 1581 1222 1674 quadratis
1243 1585 1386 1671 Syenitis

385 1708 507 1798 lapidis
526 1709 674 1777 molibus
694 1710 848 1777 conflata.
872 1711 970 1776 Extra
989 1689 1079 1777 bunc
1099 1711 1264 1789 cinctum,
1286 1710 1385 1797 quin-

385 1836 543 1923 quaginta
565 1808 620 1903 rel
639 1835 813 1923 sexaginta
837 1855 956 1923 passus
970 1835 1016 1902 ab
1037 1835 1135 1915 urbe,
1162 1842 1290 1903 remota
1309 1840 1387 1902 sunt

383 1947 559 2030 bellenicae
577 1961 656 2030 aedis
676 1960 815 2039 rudera,
837 1960 1003 2048 fragmina
1025 1960 1277 2040 columnarum,
1303 1981 1385 2048 qua-

387 2109 463 2155 rum
478 2109 562 2168 una,
587 2095 682 2156 terra
700 2089 863 2168 immissa,
886 2095 986 2177 atque
1004 2108 1112 2177 nuper
1130 2089 1231 2155 etiam
1251 2091 1383 2165 retecta,

384 2213 499 2287 locum
514 2212 718 2281 destinatum
739 2233 872 2280 servare
891 2212 1033 2281 videtur.
1061 2214 1142 2280 Eam
1161 2233 1275 2303 prope,
1296 2213 1388 2279 inve·
1419 2296 1421 2299 ι

302 2413 307 2420 ,
386 2337 476 2402 nitur
487 2336 718 2424 pavimentum
733 2335 889 2424 lapicidis
904 2343 938 2403 et
951 2336 1076 2404 sartura
1088 2337 1280 2414 conflatum,
1296 2335 1387 2422 quod

385 2459 553 2527 recentius
568 2458 713 2537 videtur,
732 2457 919 2546 diciturque
942 2460 984 2527 ab
999 2460 1118 2529 incolis
1137 2460 1263 2528 ordinis
1283 2460 1387 2527 sancti

384 2587 522 2654 ioannis
536 2585 705 2673 equitibus
720 2587 935 2673 gymnasium
950 2588 1067 2656 fuisse.

429 2715 576 2792 Pararm,
597 2712 676 2801 qui,
697 2718 735 2779 nt
752 2713 795 2780 ad
818 2734 937 2803 parvas
960 2720 1113 2782 veterum
1136 2714 1274 2801 cymbas
1291 2683 1385 2781 trire-

385 2860 526 2927 mesque
554 2840 656 2907 etiam
678 2839 901 2909 admittendas
922 2841 1196 2909 accommodatus
1224 2849 1313 2920 erat,
1341 2843 1386 2908 ita

386 2965 509 3031 nostris
523 2963 667 3031 navibus
687 2965 830 3051 exiguus
850 2971 883 3031 et
896 2965 984 3033 male
1004 2941 1108 3043 tutus
1127 2964 1267 3054 lapidea
1281 2965 1387 3032 moles

385 3090 427 3158 ab
446 3090 611 3178 Aquilone
625 3096 658 3157 et
672 3090 833 3178 Zephyro,
851 3091 959 3159 Medio
976 3095 1069 3172 AEv0,
1084 3093 1113 3159 si
1130 3114 1199 3160 uon
1215 3101 1249 3161 et
1262 3094 1386 3161 doren-

386 3213 477 3280 tibus
496 3213 627 3280 Graeciae
651 3213 880 3302 temporibus,
907 3214 1143 3283 defendebant.
1169 3218 1387 3285 Nunc'semi-
1488 3257 1497 3272 ·

387 3342 553 3405 rutatum
568 3339 715 3405 maxime
730 3340 965 3406 resarciuntur.
994 3340 1162 3409 Orientem
1177 3362 1296 3410 versus
1310 3362 1386 3431 pro-

386 3462 510 3546 tegitur
523 3462 644 3542 insula,
662 3462 943 3545 Strooppicdiota,
960 3485 1035 3551 quae
1050 3473 1148 3534 antea
1160 3433 1279 3535 solidae
1293 3474 1387 3535 terrae

387 3607 445 3676 per
458 3586 676 3673 aquaeduotus
691 3592 834 3654 tractum
845 3588 961 3675 juncta
983 3596 1063 3657 erat.
1087 3591 1124 3656 In
1139 3592 1251 3659 medio
1271 3593 1389 3660 insulae

388 3712 489 3801 hujus
503 3713 627 3781 vertice
649 3718 713 3780 stat
726 3733 914 3781 marmorea
932 3722 1037 3803 porta,
1060 3718 1168 3785 tribus
1186 3724 1319 3787 tantum
1338 3721 1386 3787 la-

387 3838 522 3927 pidibus
560 3839 737 3907 informata
751 3840 795 3905 (¹).
822 3842 971 3908 Altitudo
994 3844 1068 3932 ejus
1106 3844 1215 3924 5³¹843
1247 3845 1387 3913 latitudo

387 3962 494 4042 3¹⁰4&
512 3964 615 4031 limen
641 3965 890 4054 superundat
906 3986 1068 4034 erassum.
1085 3970 1182 4037 Nunc
1193 3971 1293 4060 etiam
1309 3991 1387 4038 saxa

423 4210 461 4280 (l)
476 4210 652 4281 Empedition
661 4216 788 4284 scientis.
806 4215 843 4267 de
857 4215 968 4276 Marde,
976 4217 1164 4279 architectura,
1175 4221 1289 4290 plancbe
1303 4221 1323 4274 1.
