3159 5150
814 585 951 639 -30,..

384 723 570 791 ridentibus
585 731 740 792 crescunt
763 730 837 792 tum
854 733 969 793 nostro
985 727 1057 793 selo
1077 723 1219 794 assuetae
1236 725 1384 805 arbores,

383 847 458 935 piri,
475 848 574 931 mala,
588 868 703 926 nuces,
721 869 840 937 pruna,
859 854 931 916 tum
947 850 1011 917 illae
1025 870 1168 937 quarum
1175 850 1270 917 fictas
1284 850 1386 917 mode

383 974 540 1041 novimus
554 974 729 1062 imagines,
752 975 838 1053 citri,
858 974 989 1042 medica
1008 975 1107 1053 mala,
1129 974 1221 1054 olivi,
1235 982 1383 1062 granata,

335 1178 338 1186 Ι
382 1099 530 1186 apyrina.
547 1100 675 1186 Neque,
690 1098 783 1187 quod
797 1098 937 1186 quidem
946 1119 1060 1165 rarum
1074 1098 1110 1163 in
1121 1097 1256 1177 Gracia,
1274 1099 1386 1170 exclu-

384 1220 509 1289 duntur
535 1222 647 1302 flores,
679 1223 832 1302 narcissi,
863 1243 958 1302 rosae,
990 1222 1132 1298 diambi,
1160 1222 1241 1301 lilia,
1266 1222 1386 1290 ederes

383 1365 463 1413 sues
487 1345 645 1448 arberum
673 1345 836 1413 odoribus
867 1345 1142 1414 intermiscenda,
1171 1318 1256 1414 llere
1282 1366 1382 1423 nevo,

382 1493 488 1559 quum
508 1472 667 1539 frondent
684 1472 809 1551 omnia,
827 1473 999 1540 luxuriant
1015 1472 1138 1550 herba,
1160 1472 1299 1539 floribus
1314 1472 1394 1539 citri.

382 1597 580 1675 induuntur,
595 1618 698 1666 suave
717 1603 768 1664 est
783 1617 864 1685 apes
878 1596 1071 1665 audientem
1085 1602 1308 1673 susurrantes
1325 1617 1384 1661 cu-

382 1721 462 1788 bare
488 1720 552 1787 sub
582 1720 715 1799 umbra,
745 1721 887 1809 strepitu
906 1728 938 1788 et
959 1719 1185 1808 fragrantibus
1201 1719 1297 1807 quasi
1312 1719 1384 1786 ine-

382 1845 528 1911 briatum
554 1845 655 1912 auris.
676 1844 765 1920 ‘Quid
790 1846 829 1925 si,
857 1845 1039 1912 inclinante
1063 1845 1098 1910 in
1117 1850 1268 1912 estatem
1282 1863 1382 1921 anne,

383 1972 533 2040 salientis
548 1991 642 2058 aquae
661 1972 724 2039 rivi
752 1972 913 2041 scatebris
932 1976 1081 2039 arentem
1108 1976 1231 2039 terram
1255 1975 1384 2059 tempe·
1467 2029 1469 2032 .
1569 2044 1570 2055 ἵ

382 2105 468 2178 rant,
497 2105 530 2166 et
558 2098 713 2166 arborem
743 2092 913 2187 qhamque
941 2120 1023 2166 suns
1046 2099 1248 2166 circumfluit
1279 2099 1382 2174 lacus
1569 2064 1570 2141 5

382 2244 522 2291 succum
542 2223 713 2311 vitamque
732 2222 972 2310 languentibus
993 2221 1176 2289 frondibus
1185 2221 1385 2289 infundens?

382 2349 467 2417 Vere
486 2353 560 2415 tum
575 2368 685 2415 caram
697 2348 767 2414 Diis
781 2366 964 2435 agnoscere
978 2352 1029 2414 est
1038 2347 1167 2421 Naxon,
1185 2345 1385 2432 felicemque

280 2494 283 2500 ’
382 2472 470 2540 inter
480 2473 562 2540 alias
582 2472 693 2541 dicere
718 2470 900 2559 Cycladas!
930 2473 1004 2538 Heu
1030 2468 1120 2558 qued
1150 2474 1183 2536 et
1206 2468 1278 2556 ipsa
1291 2468 1384 2535 brevi

382 2600 464 2669 selis
478 2599 597 2668 ardore
611 2598 844 2677 exsiccabitur,
858 2598 1001 2666 arabunt
1014 2596 1138 2676 herba,
1157 2602 1191 2662 et
1208 2593 1309 2662 melle
1323 2614 1385 2660 sue

383 2724 539 2790 innutriri
553 2744 613 2812 per
632 2726 779 2791 aestatem
795 2726 957 2809 cogentur
979 2740 1070 2809 apes,
1093 2718 1168 2785 cibe
1189 2716 1382 2785 deficiente!

427 2849 466 2914 ln
484 2848 572 2916 valle
600 2846 783 2913 Melanensi
804 2852 935 2935 reperta
961 2866 1000 2913 ea
1027 2849 1078 2911 est
1100 2842 1251 2931 proxime
1271 2841 1384 2929 elapso

383 2973 509 3052 secula,
536 2990 638 3059 quarn
669 2968 800 3036 Lichtle
825 2968 948 3055 hospiti
981 2987 1042 3033 suo
1076 2965 1162 3032 Pash
1193 2963 1234 3031 de
1263 2965 1385 3031 Kriene

382 3094 593 3186 monstravit,
622 3094 820 3183 inscriptio:
843 3095 874 3148 (¹)
905 3102 969 3181 ὅρος
1001 3100 1129 3175 τεμένους
1155 3101 1201 3157 τοῦ
1227 3088 1316 3156 ’Ώτου
1339 3095 1385 3156 καὶ

386 3221 531 3310 Ἐφιάλτου
566 3246 583 3282 «
598 3221 677 3288 finis
700 3221 772 3309 agri
805 3222 865 3287 Oto
893 3228 926 3288 et
951 3218 1110 3309 Ephialta
1133 3191 1264 3283 sacrati.
1284 3242 1300 3278 »
1336 3215 1386 3281 lbi

383 3348 474 3415 enim
485 3347 574 3416 fama
594 3352 664 3415 erat
680 3347 791 3415 Dianae
809 3347 885 3415 telis
906 3343 1105 3414 accubuisse
1123 3342 1279 3429 geminos
1294 3340 1383 3407 Aloi-

384 3470 455 3548 das,
473 3471 680 3558 tumulisque
695 3470 838 3539 heroum
853 3469 936 3537 sacri
956 3464 1166 3535 habebantur
1180 3463 1337 3531 honores.

420 3666 456 3737 (l)
473 3665 547 3719 Pasa
556 3680 593 3719 nn
606 3665 736 3729 Karana,
751 3665 796 3718 66.
810 3693 842 3706 -
858 3664 972 3724 Bmcnn,
986 3662 1013 3714 C.
1031 3663 1056 3717 I.
1075 3661 1120 3725 G.‚
1136 3660 1259 3714 1102640.
