3159 5150
789 544 930 598 -22..

248 709 250 716 ·
363 698 483 776 λογέρου
494 713 511 751 o
524 672 749 776 nnneupatus‚
762 687 890 754 castelli
901 686 994 753 latini
1008 687 1147 773 vestigia
1160 685 1224 751 fert
1237 682 1368 750 solidis

364 812 458 880 simis
477 812 594 888 muris
619 816 717 909 porta
731 809 810 888 nna,
839 830 941 897 quam
961 809 1140 898 cingebant
1159 807 1226 875 duo
1241 828 1365 896 propu-

367 937 510 1024 gnacula
531 935 799 1012 instructurum
823 935 975 1001 eisternis
1004 934 1181 1022 puteisque
1200 932 1316 999 multis
1336 938 1369 998 et

360 1060 516 1157 turribus
536 1064 680 1147 quatuor
701 1059 844 1147 angulos
869 1056 1108 1125 obtinentibus.
1126 1055 1191 1123 Sed
1218 1054 1368 1143 digniora

358 1185 407 1252 ad
417 1204 495 1272 quae
504 1181 721 1251 attendamus
738 1181 894 1270 planities
909 1181 987 1248 colli
1000 1180 1149 1269 subjecta
1163 1178 1300 1268 praebet.
1313 1179 1367 1244 Ef-

360 1308 463 1384 fossae
474 1307 567 1377 enim
576 1306 623 1372 ibi
635 1303 753 1373 suntet
772 1305 815 1373 ad
835 1304 956 1393 pedem
970 1303 1107 1371 alterius
1121 1303 1216 1370 collis
1225 1309 1369 1369 monetae
1411 1348 1414 1352 ι

364 1431 521 1518 antiquae,
548 1435 664 1498 statuae
687 1430 817 1518 exignae
839 1428 971 1507 fictiles
998 1448 1089 1507 vasa,
1115 1448 1286 1495 marmora
1306 1447 1368 1494 ex-

323 1588 326 1593 «
364 1553 506 1642 sculpta,
523 1546 686 1641 sepulcra,
701 1552 832 1638 aliaque
843 1552 999 1618 hurnanae
1008 1551 1087 1617 artis
1100 1551 1267 1638 exempla.
1285 1553 1367 1616 Nar-

365 1682 440 1743 rant
454 1676 554 1744 etiam
573 1675 739 1745 exstitisse
762 1694 988 1741 marmoream
1012 1673 1164 1761 lapidum
1186 1673 1313 1740 molem
1333 1674 1366 1739 in

366 1800 501 1879 fluetus
526 1798 569 1869 ad
588 1797 749 1866 arcendas
769 1818 787 1865 a
808 1798 952 1866 navibus
971 1798 1147 1887 proeellas,
1169 1817 1369 1885 procurren-

367 1923 464 1988 tium.
480 1922 545 1989 Sed
555 1921 743 1988 humanum
755 1941 840 2010 opus
850 1923 884 1988 vi
892 1922 995 1988 maris
1003 1926 1211 2009 superatum,
1223 1940 1370 2007 saxaque

369 2045 566 2114 disturbata.

411 2161 514 2229 Paulo
537 2163 648 2241 altius,
671 2162 744 2250 ipso
768 2163 802 2227 in
817 2161 912 2227 collis
931 2162 1045 2241 latere,
1072 2163 1158 2229 inter
1177 2161 1314 2229 dumeta
1333 2181 1371 2227 ae

367 2274 487 2375 vepres
498 2286 634 2374 capeliis
645 2292 779 2373 gratnm
788 2284 902 2351 cibum
913 2285 1110 2374 praebentes
1121 2285 1370 2374 jaoetnondum

367 2411 555 2499 expolitum
576 2409 734 2498 signum,
760 2410 793 2474 in
808 2429 848 2476 eo
870 2409 942 2498 ipso
963 2409 1058 2487 1000,
1082 2409 1173 2477 unde
1194 2384 1372 2477 emebatur

368 2555 535 2616 marmor,
557 2534 728 2603 relietum.
764 2535 880 2622 Longa
906 2540 957 2602 est
977 2539 1086 2602 statua
1113 2534 1242 2614 10¹⁰60;
1265 2533 1371 2602 latum

372 2662 456 2730 imit)
480 2665 596 2750 peetus
608 2684 617 2740 ;
646 2658 822 2728 brachium
842 2680 861 2727 a
879 2659 994 2728 enbito
1008 2660 1056 2727 ad
1080 2661 1262 2728 humerum
1287 2658 1371 2725 1⁰¹90

369 2787 570 2865 extenditur;
588 2785 799 2871 videturque,
818 2785 881 2853 etsi
897 2785 1114 2874 imperfectus
1129 2787 1296 2873 appareat,
1319 2803 1371 2849 re-

368 2917 467 2978 motae
485 2909 691 2997 antiquitatis
707 2908 812 2976 labor.
836 2909 976 3002 Habitus
996 2910 1080 2997 ejus,
1104 2913 1141 2975 ut
1154 2907 1372 2976 vetustissimi

369 3037 532 3124 cujusque
554 3033 745 3112 simulacri,
767 3032 918 3121 rigidior.
947 3035 1017 3102 Stat
1036 3034 1128 3101 enim
1138 3032 1233 3100 nuda
1248 3037 1369 3110 statua,

255 3175 259 3185 ·
370 3158 524 3228 eruribus
552 3156 774 3245 compressu,
797 3157 885 3245 pede
909 3158 1043 3225 sinistro
1064 3158 1203 3248 paulum
1228 3156 1372 3245 proemi-

371 3287 496 3361 nente,
531 3282 677 3350 brachiis
704 3282 840 3370 ⁴torpori
869 3282 1117 3351 adhaerentibus
1146 3281 1188 3350 ad
1221 3281 1373 3348 cubitum

361 3405 490 3494 ''usque,
508 3406 600 3474 unde
614 3412 789 3495 coeperunt
803 3407 838 3471 in
852 3412 969 3496 peetus
987 3407 1111 3474 inflecti
1132 3411 1165 3474 et
1180 3411 1298 3472 mutuo
1308 3405 1374 3470 im-

370 3532 506 3622 plicari;
523 3533 699 3600 oculorum
714 3554 795 3602 eava
810 3534 1018 3623 receptacula
1033 3539 1162 3602 tantum
1173 3537 1370 3608 «cernuntur,

372 3676 474 3723 nasus
493 3657 619 3725 eminet
641 3657 811 3736 informis,
838 3657 932 3725 rudis
951 3661 1087 3745 apparet
1106 3655 1243 3723 inferior
1260 3655 1374 3721 vultus

371 3777 459 3870 pars,
477 3802 539 3850 neo
554 3782 739 3872 quidquam
754 3783 797 3850 de
812 3802 851 3850 ea
865 3782 1022 3848 affirmari
1034 3785 1145 3870 potest
1160 3779 1224 3846 nisi
1239 3780 1373 3866 longam

371 3904 414 3972 de
427 3910 542 3972 nrento
557 3907 759 3995 pependisse
769 3905 909 3973 barbam
926 3902 970 3968 (²).
985 3903 1120 3991 Insigne
1130 3903 1262 3970 nullum
1281 3900 1375 3968 adest

406 4099 443 4171 (l.)
459 4099 542 4165 boss,
556 4100 608 4172 Op.
620 4104 681 4168 cit,
699 4102 719 4164 l,
733 4100 775 4154 -11,
825 4120 828 4126 ’

408 4181 447 4252 (2)
461 4180 544 4247 Ross,
560 4182 609 4251 Op.
624 4183 670 4234 cit.
683 4181 728 4250 39,
742 4186 788 4235 not
810 4179 841 4246 5,
855 4197 915 4233 cnm
925 4179 1044 4248 imagine
1055 4173 1160 4232 statuae.
