3159 5150
823 568 963 621 ..74-

296 750 298 755 »
394 706 521 775 Echeiae
557 709 775 776 inveniuntur
795 709 839 789 (¹³3
868 711 1012 799 Tragion
1032 731 1111 778 vero
1131 731 1243 779 nonne
1274 712 1390 781 eadem

393 839 443 903 cst
467 833 548 901 urhs
561 854 663 922 quam
679 835 840 923 Trageam
856 837 910 904 rel
925 837 1093 926 Tragaeam
1112 843 1233 933 vocant
1251 837 1308 904 alii
1321 843 1334 903 t
1349 838 1393 905 Ea

393 965 504 1028 autem
534 959 568 1026 in
584 959 694 1027 insula
708 961 800 1027 Naxo
826 966 908 1028 erat.
946 961 1032 1028 Hinc
1056 961 1225 1050 colligitur
1238 963 1353 1030 Naxon
1374 982 1393 1029 a

394 1085 558 1153 Messenia
571 1085 709 1152 colonos
723 1086 903 1175 accepisse.
921 1088 994 1153 Dux
1021 1092 1135 1155 autem
1159 1107 1276 1155 eorum
1297 1087 1391 1155 Tele-

393 1217 481 1296 cloS,
521 1237 623 1305 quem
651 1218 849 1287 scholiastes
876 1218 919 1287 ad
950 1220 1151 1307 Dyonisium
1188 1220 1393 1310 Periegctem

396 1344 446 1429 (x,
473 1316 845 1435 aaa)neu'010nv00at.
879 1346 963 1412 nior
992 1350 1104 1414 autem
1133 1347 1272 1415 heroem
1298 1346 1394 1413 auum

318 1488 326 1500 ·
392 1469 635 1538 Atheniensem
655 1446 753 1550 esses
770 1471 968 1560 sociumque
984 1473 1014 1540 ei
1047 1472 1140 1540 addit
1165 1472 1393 1541 Archetimum

394 1594 576 1683 quemdam
602 1619 609 1662 :
633 1619 650 1656 «
667 1594 826 1688 Cycladas
851 1616 969 1664 omnes
1003 1597 1143 1665 coloniis
1179 1597 1395 1664 obtinuerunt

394 1719 631 1798 Athenienses;
654 1719 757 1787 ducas
772 1726 927 1789 autem...
946 1722 980 1787 in
999 1723 1116 1789 Naxon
1131 1721 1340 1789 Archetimos
1363 1726 1395 1788 et

396 1847 547 1915 Teuclos.
568 1876 584 1911 n

440 1976 522 2042 Rem
536 1975 600 2042 alio
615 1975 717 2069 modo
736 1977 874 2065 exponit
896 1977 1048 2076 ihlianus
1064 1974 1111 2056 (Ξ),
1128 1976 1269 2065 aliisque
1288 1977 1394 2045 nomi-

327 2122 332 2137 ¹
396 2099 508 2180 nibus,
531 2107 565 2168 et
587 2121 629 2168 ex
652 2101 908 2169 Atheniensium
938 2103 1148 2171 commentis.
1179 2103 1289 2179 Quum
1307 2103 1397 2171 enim

397 2226 493 2294 Codri
508 2226 610 2306 filius,
623 2225 758 2306 Neleus
770 2232 930 2315 negatum
945 2226 1010 2294 sihi
1033 2228 1172 2295 Athenis
1193 2247 1337 2317 regnum
1365 2228 1397 2293 in

396 2352 474 2420 Asia
487 2353 688 2440 quaesiturus
707 2352 854 2433 abiisset,
872 2354 1079 2443 impulerunt
1091 2354 1182 2421 venti
1203 2373 1306 2421 naves
1326 2355 1398 2443 ejus

398 2469 440 2536 ad
468 2472 596 2551 Naxon,
615 2471 728 2559 ibique
749 2470 901 2559 inportu
930 2471 1143 2563 pertinaciter
1163 2470 1395 2538 cohibuerunt.
1458 2563 1462 2571 .

398 2596 577 2664 Consultus
600 2603 711 2665 autem
739 2600 833 2664 vates
860 2595 1033 2684 respondit
1061 2595 1195 2663 nullum
1227 2595 1298 2663 fore
1323 2594 1400 2663 inde

398 2703 538 2801 exitum,
556 2721 752 2810 priusquam
763 2720 880 2787 classis
894 2720 1103 2810 expiaretur:
1117 2719 1301 2787 nonnullos
1312 2720 1400 2787 enim

399 2844 621 2933 expeditionis
649 2845 827 2933 participes
851 2845 1038 2933 irrepsisse,
1072 2864 1216 2931 quorum
1242 2863 1402 2933 respersa

399 2989 517 3037 cruore
527 2989 648 3036 manus
662 2973 696 3036 et
710 2973 842 3035 mentes
857 2968 979 3057 impiam
1002 2968 1078 3036 illos
1093 2969 1196 3058 igitur
1211 2989 1287 3037 esse
1309 2968 1400 3037 dete-

400 3093 529 3183 gendos
545 3113 630 3181 eque
641 3098 729 3161 coetu
738 3098 770 3160 et
781 3093 937 3161 societate
953 3098 1141 3160 ceterorum
1160 3092 1399 3162 excludendos.

400 3221 489 3296 Quos
500 3223 537 3286 ut
551 3217 771 3307 dignosceret,
783 3217 856 3284 haec
867 3217 1076 3285 machinatus
1086 3222 1137 3284 est
1151 3216 1286 3285 Neleus.
1304 3216 1402 3293 Quasi

401 3346 465 3414 sihi
484 3345 620 3413 sceleris
635 3343 787 3412 nondum
804 3344 925 3434 expiati
941 3312 1096 3412 conscius
1111 3350 1211 3421 esset,
1225 3363 1243 3411 e
1257 3342 1355 3410 turha
1370 3342 1403 3409 in

402 3475 569 3542 secretum
590 3469 763 3549 secedens
785 3469 884 3537 solita
905 3472 1084 3538 exsecutus
1095 3472 1146 3535 est
1159 3467 1301 3555 piacula.
1321 3468 1403 3533 Turn

403 3597 431 3664 si
453 3597 511 3683 qui
526 3596 581 3663 alii
596 3596 660 3664 sihi
676 3596 819 3685 alicujus
833 3593 990 3663 facinoris
1006 3599 1119 3663 essent
1137 3592 1274 3672 conscii,
1292 3593 1403 3661 horta-

380 3762 385 3770 ·
405 3728 459 3789 tus
473 3727 524 3789 est
542 3728 579 3789 ut
603 3722 668 3789 tale
696 3720 912 3790 imitarentur
928 3720 1135 3809 exemplum.
1153 3718 1235 3786 Inde
1250 3718 1404 3806 quicum-

403 3865 469 3934 que
488 3845 561 3933 ejus
586 3844 663 3912 dolo
684 3844 815 3934 decepti
842 3843 1037 3931 inductique
1060 3848 1138 3909 sunt
1164 3848 1201 3908 ut
1224 3861 1260 3909 se
1286 3842 1407 3934 pariter

404 3974 523 4041 noxios
537 3971 787 4049 confiterentur,
815 3970 855 4037 iis
874 3970 1034 4040 ininsula
1053 3968 1187 4047 relictis
1210 3989 1287 4035 curn
1302 3968 1407 4035 classe

441 4146 478 4216 (1)
493 4146 665 4211 Bnonsmnr,
687 4144 755 4212 ch.
770 4161 807 4196 en
820 4142 919 4207 Gracc,
937 4141 948 4193 l
965 4140 1011 4193 liv.
1026 4138 1104 4205 Ceos,
1114 4158 1141 4210 p.
1156 4141 1201 4193 89.

439 4238 478 4307 (2¹,
492 4237 567 4291 Hirr.
582 4253 659 4297 vor„
674 4234 747 4299 vul,
762 4234 789 4289 5.
