3159 5150
643 556 781 612 -11..

211 721 312 790 parva
326 700 423 768 stella
441 705 503 779 est,
521 701 567 769 ita
586 700 745 781 Phanari,
763 700 928 769 hodierna
941 702 1130 768 Graecorum
1145 701 1210 767 lin·
1244 750 1249 762 ,

211 816 302 916 gua,
317 827 491 906 laternam,
516 828 587 895 sive
606 826 727 895 taedam
749 827 927 916 significat.
951 826 1140 894 Verisimile
1161 831 1213 895 ost

211 951 311 1039 igitur
325 951 411 1020 banc
435 953 541 1019 monti
562 972 603 1020 ex
617 972 657 1020 eo
672 952 807 1020 venisse
821 952 1101 1040 appellationem,
1122 951 1211 1039 quod
1308 1033 1315 1047 ο

211 1075 318 1145 facem
327 1077 510 1165 quamdam
519 1098 558 1145 ac
567 1078 662 1166 quasi
673 1078 817 1167 pharum
826 1081 967 1165 gereret,
978 1096 1053 1165 quae
1067 1067 1211 1144 cir'cum-
1247 1082 1249 1086 ’

206 1202 304 1291 jectis
317 1201 400 1270 locis
415 1222 475 1290 per
488 1202 626 1271 umbras
641 1202 749 1270 noctis
763 1200 956 1290 affulgebat.
976 1201 1086 1278 Ouum
1099 1205 1213 1269 autern

211 1324 340 1393 soleant
364 1325 468 1393 Graeoi
490 1327 525 1392 111
550 1325 702 1394 ecclesiis
725 1325 796 1393 suis
819 1330 1020 1414 perpetuum
1046 1323 1212 1413 lampadis

210 1450 364 1521 ardorem
376 1450 408 1505 (¹)
423 1451 466 1519 ad
478 1452 626 1540 Virginis
639 1451 923 1519 Mariaehonorem
939 1451 1013 1519 oleo
1025 1450 1162 1529 nutrire,
1180 1453 1213 1517 et

211 1575 245 1643 in
260 1576 383 1644 vertice
397 1576 521 1643 montis
536 1575 650 1664 hujus,
668 1575 755 1642 sicut
773 1575 808 1641 in
822 1575 891 1644 fere
908 1574 1066 1644 omnibus
1080 1574 1213 1642 Graeciae

210 1699 443 1768 cacuminibus
452 1704 517 1767 stet
528 1699 669 1767 ecclesia
675 1719 789 1789 parva,
805 1720 846 1768 ex
858 1720 960 1768 sacrae
969 1698 1136 1789 lampadis
1150 1697 1213 1765 ful-

210 1844 290 1912 gore
302 1825 359 1912 qui
370 1845 434 1914 per·
443 1828 575 1913 apertas
589 1824 679 1893 fores
689 1825 806 1913 procul
817 1824 921 1913 aspici
930 1829 1071 1913 poterat,
1084 1843 1209 1891 nomen

210 1947 352 2022 Phanari
373 1953 485 2017 ortum
505 1968 578 2017 esse
598 1948 691 2016 haud
709 1948 941 2039 improbabile.
964 1950 1049 2017 Tum
1073 1949 1107 2016 in
1128 1949 1211 2017 late-

210 2074 303 2142 ribus
318 2073 461 2142 summis
474 2079 612 2145 manent
626 2073 737 2141 adhuc
750 2073 909 2141 circuitus
919 2074 1042 2163 lapidei
1056 2073 1208 2162 vestigia,

209 2200 268 2268 ubi
286 2205 437 2289 pastores
456 2219 576 2288 greges
605 2220 685 2268 suos
703 2204 806 2267 noctu
825 2200 1010 2268 continent.
1037 2198 1063 2266 11
1081 2205 1208 2277 autem,

210 2323 253 2392 ad
288 2323 523 2412 depellendam
551 2324 688 2393 noxiam
713 2330 746 2392 et
771 2323 895 2392 sibiet
923 2325 993 2392 suis
1023 2323 1209 2412 uliginem,

209 2450 324 2518 focum
343 2469 506 2538 magnum
525 2449 729 2529 accendunt,
752 2471 820 2540 quo
840 2450 918 2538 igne
942 2449 1057 2517 omnia
1083 2450 1149 2517 lete
1169 2449 1210 2516 il-

209 2575 404 2663 lustrantur.
422 2575 520 2643 Haud
535 2573 722 2643 absurdum
743 2580 795 2644 est
815 2576 917 2644 etiam
935 2573 1071 2644 credero
1086 2575 1140 2643 bic
1152 2595 1211 2643 ex·
1236 2616 1239 2621 -

209 2700 333 2768 stitisse
346 2700 440 2780 olim,
451 2705 528 2768 ante
543 2699 610 2767 duo
626 2699 750 2780 secula,
763 2699 953 2780 castellum,
971 2700 1012 2767 ad
1023 2700 1212 2767 vicinorum

208 2824 361 2917 locorum
378 2825 519 2893 tutelam
533 2829 753 2892 exstructum.
770 2825 882 2892 Juncti
896 2825 987 2892 euim
999 2813 1113 2891 intrita
1126 2823 1211 2912 lapi·
1264 2903 1266 2907 ¹

208 2948 287 3029 des,
313 2954 348 3017 et
367 2949 583 3017 solidioribus
596 2949 691 3016 muri
720 2948 951 3018 fundamentis
975 2949 1081 3016 innixi
1109 2969 1211 3037 quam

207 3075 265 3163 qui
284 3067 416 3142 tantum
439 3073 482 3142 ad
501 3094 658 3164 pecoraa
680 3074 805 3164 frigore
826 3073 1034 3163 protegenda
1056 3074 1213 3143 destinati

206 3198 343 3266 fuerint.
366 3200 428 3267 lllo
452 3199 553 3287 igitur
574 3204 738 3289 tempore,
763 3199 855 3288 quod
877 3220 969 3268 nunc
991 3220 1032 3268 ex
1053 3199 1211 3290 pastorali

207 3323 296 3412 igne,
314 3323 405 3392 idem
427 3343 468 3391 ex
483 3325 612 3393 castelli
629 3324 785 3394 fenestris
803 3324 967 3394 emicabat
981 3325 1106 3393 montis
1129 3345 1210 3414 epo-

206 3468 349 3535 nymum
364 3448 492 3517 lumen.

252 3572 364 3639 Restat
381 3578 419 3641 ut
437 3572 479 3641 de
498 3573 597 3641 tertio
617 3574 776 3655 culmine,
802 3576 973 3654 Coronide,
992 3572 1209 3655 disseramus,

206 3695 299 3784 quod
312 3697 459 3765 maxime
473 3700 735 3788 septentrionale
750 3704 813 3767 est.
837 3699 887 3780 ld,
904 3700 991 3767 sicut
1005 3704 1040 3767 et
1054 3699 1208 3780 Phanari,

180 3792 185 3803 ’
204 3819 415 3889 occidentem
433 3842 564 3902 versus,
585 3823 730 3890 arduum
748 3796 800 3892 est
823 3843 862 3891 ac
882 3824 1043 3913 praecipiti
1067 3824 1155 3892 saltu
1175 3824 1210 3890 in

205 3945 391 4034 subjectam
406 3946 530 4014 vallem
545 3947 644 4015 cadit.
668 3948 744 4014 Erat
764 3947 847 4014 olim
862 3953 1094 4016 castanearum
1112 3952 1147 4020 et
1161 3947 1212 4017 ili·
1306 3968 1310 3973 ·

243 4224 281 4296 ll)
295 4224 491 4291 Touaunrour,
507 4225 528 4291 l,
540 4224 603 4280 274.
