3159 5150
665 578 786 632 ..μ

224 723 300 811 quis
309 741 351 790 ex
362 721 518 788 culminis
528 718 727 788 occidentali
737 718 852 796 latere,
866 717 1080 807 Aperanthon
1092 732 1223 793 versus,

226 845 425 924 descendat,
451 845 546 913 brevi
565 846 599 911 in
621 846 693 935 ipso
709 844 828 912 itinere
846 862 965 931 rupem
989 842 1160 930 ingentem
1175 839 1226 908 of·
1303 901 1305 904 .

224 970 356 1050 fendet,
373 969 436 1038 viae
452 969 716 1057 impendentem.
743 969 845 1057 Cujus
861 966 925 1034 sub
944 965 1068 1034 fornico
1087 965 1159 1032 haee
1175 964 1244 1032 le-'

225 1100 360 1183 guntur,
377 1092 546 1163 veteribus
569 1092 688 1160 litteris
713 1092 897 1181 exsculpta,
914 1100 979 1178 ὅρος
993 1098 1056 1169 Διὸς
1072 1096 1224 1176 potestat.

228 1245 245 1282 a
260 1219 339 1287 finis
356 1218 447 1288 Jovis
468 1200 583 1286 ovium
604 1218 755 1287 custodis
769 1217 814 1284 (¹).
833 1246 850 1280 »
868 1217 976 1296 Unde,
1002 1217 1059 1304 qui
1074 1214 1227 1303 antiqua-

226 1365 303 1412 rum
325 1364 449 1412 rerum·
462 1343 559 1433 periti
577 1349 683 1423 erant,
708 1343 874 1431 templum
895 1342 987 1409 Jovis
1010 1340 1064 1408 his
1085 1340 1120 1406 in
1145 1339 1229 1407 locis

227 1469 395 1538 exstitisse
404 1467 564 1548 arbitrati,
573 1468 692 1556 templi
705 1466 796 1535 illius
806 1452 944 1534 nomine
952 1470 1104 1534 montem
1118 1466 1229 1554 ipsum

227 1595 498 1684 designaverunt.
512 1594 565 1662 Sic
579 1594 614 1659 in
627 1593 734 1660 Attica
745 1591 787 1668 (²³,
803 1613 902 1659 mons
917 1592 1039 1659 Parnes
1052 1590 1154 1658 hodie
1168 1611 1229 1658 vo-

227 1724 319 1787 catur
338 1719 415 1787 Oria
429 1719 500 1787 sive
514 1719 578 1798 Zia,
600 1718 644 1786 ob
663 1724 832 1807 repertum
847 1719 882 1784 in
896 1718 1020 1786 vertice
1034 1718 1107 1806 ejus
1121 1714 1229 1804 quod-

228 1843 306 1911 dam
329 1844 421 1912 Jovis
448 1842 650 1931 fulgurantis
675 1845 750 1930 (Διὸς
771 1845 948 1931 impacatos)
970 1842 1136 1930 templum
1159 1840 1231 1908 sive

228 1971 342 2038 altare.

272 2094 355 2161 Sunt
365 2098 477 2162 tamen
489 2095 547 2181 qui
557 2094 658 2160 aliam
669 2094 834 2182 originem
844 2092 923 2160 hnic
933 2091 1098 2160 vocabulo
1111 2116 1127 2151 «
1141 2094 1200 2156 Zia
1211 2117 1228 2152 »

228 2217 430 2295 attribuant,
457 2217 730 2305 contendantque
754 2217 788 2284 id
813 2236 887 2285 esse
911 2236 953 2284 cx
977 2216 1086 2305 prisco
1111 2215 1232 2282 insulae

228 2322 378 2421 nomine,
395 2362 470 2431 que
490 2346 550 2408 ota
566 2341 748 2421 dicebatur,
766 2342 985 2431 desumptum
995 2364 1003 2421 ;
1022 2341 1113 2420 inde,
1125 2360 1231 2429 quum

227 2465 424 2535 invaluisset
438 2466 647 2554 consuetudo
662 2466 781 2534 insulae
797 2466 880 2534 Naxi
894 2465 1116 2555 appellanda,
1134 2469 1232 2534 vetus

228 2613 353 2661 nomen
372 2593 446 2660 loco
465 2594 539 2682 ejus
558 2591 826 2660 eminentissimo
849 2591 961 2660 eidem
975 2597 1010 2659 et
1031 2591 1229 2668 sacerrimo,

227 2717 286 2785 ubi
298 2717 432 2807 degisse
444 2717 574 2807 Jupiter
585 2716 765 2796 ferebatur,
780 2737 915 2806 semper
929 2717 1096 2785 mansisse
1112 2715 1153 2781 ¹³).
1168 2715 1233 2783 Sed

227 2843 317 2933 prior
331 2842 445 2932 opinio
463 2829 668 2931 probabilior
682 2835 870 2922 videbitur,
896 2843 925 2909 si
944 2842 1021 2930 quis
1043 2861 1160 2909 secum
1178 2862 1232 2911 re·

176 2957 186 2978 ’
227 2961 393 3057 putaverit
411 2987 514 3055 quam
534 2968 579 3035 sit
596 2968 794 3056 vulgatum,
817 2973 855 3035 ut
875 2967 965 3058 apud
982 2988 1102 3036 omnes
1121 2968 1234 3036 latinae
1302 2946 1315 3004 ·’

226 3091 365 3181 originis
379 3092 533 3181 populos,
548 3091 593 3159 ite
606 3092 695 3180 apud
708 3092 892 3160 hodiernos
902 3093 1033 3161 Graeciae
1044 3093 1181 3172 incolas,
1195 3112 1234 3160 ea

228 3236 340 3284 rerum
355 3216 530 3295 vocabula,
545 3237 620 3304 quae
632 3215 674 3283 ab
687 3216 834 3304 antiquis
845 3217 972 3305 linguis
983 3216 1140 3297 habeant,
1165 3237 1233 3284 non

228 3361 270 3409 ex
279 3342 497 3420 nominativo,
510 3340 620 3409 sodex
628 3342 818 3409 accusativo
827 3361 908 3412 casu
918 3342 1061 3422 trahere,
1074 3347 1112 3410 ut
1122 3367 1140 3404 (ι
1152 3348 1167 3408 t
1181 3371 1234 3410 πα-

227 3473 309 3552 τέρας
324 3492 341 3527 »
362 3486 422 3553 pro
432 3489 456 3525 .«
472 3472 486 3531 ὁ
510 3475 617 3553 πατήρ,
637 3494 653 3529 n
683 3475 735 3552 «ἡ
758 3476 898 3555 μητέρα»
925 3488 986 3556 pro
1011 3494 1026 3527 «
1044 3475 1178 3554 §ppfimp
1193 3490 1231 3546 »;

228 3587 292 3655 dici
317 3587 422 3657 soieat
437 3587 481 3655 dt,
505 3590 608 3679 Cujus
627 3591 676 3659 rei
697 3591 725 3658 si
746 3591 902 3679 exempla
921 3590 1114 3660 adhihenda
1134 3598 1231 3671 sunt,

263 3873 301 3944 (l)
315 3874 510 3940 Tounurronn
527 3874 548 3939 1,
563 3892 590 3944 p.
606 3874 668 3929 262.
682 3904 717 3917 -
731 3876 848 3939 Bmorn,
864 3876 891 3929 C.
906 3876 932 3929 Ι.
951 3876 997 3942 G„
1011 3886 1041 3929 n⁰
1055 3876 1135 3931 2418.

263 3962 300 4033 (2)
316 3962 453 4028 Humor,
467 3964 521 4016 Des
533 3964 630 4018 demes
644 3964 680 4018 do
695 3965 841 4035 mittique,
854 3983 881 4035 p.
900 3964 959 4017 108.
1075 4022 1084 4040 ⁶

263 4060 300 4131 (3)
315 4061 395 4126 Rom,
406 4061 488 4116 nerse
502 4067 563 4132 auf
572 4062 629 4116 den
647 4063 852 4133 priectnscden
872 4064 984 4130 lasela,
1002 4070 1025 4118 t.
1040 4063 1061 4130 1,
1078 4081 1105 4138 p.
1118 4062 1163 4128 48,
1175 4079 1235 4122 com

226 4155 280 4220 quo
293 4148 425 4203 consentit
433 4148 629 4217 Tounrrrrrorr,
641 4151 662 4213 1,
676 4169 703 4221 p.
718 4149 780 4204 262.
1290 4139 1291 4142 “

262 4236 300 4307 (4)
316 4237 401 4300 Quam
412 4253 469 4290 rem
482 4234 555 4291 Ross
569 4236 626 4306 ipse
641 4243 766 4304 testatur,
778 4256 826 4312 op.
840 4242 901 4306 cit,
916 4240 960 4301 42,
988 4284 992 4294 ,
