3159 5150
621 582 742 636 -7-

180 735 385 802 innumeros
396 735 554 822 utrinque
572 753 684 801 remos
704 731 891 800 extendunt
905 733 941 799 in
958 732 1083 821 quibus
1102 734 1183 822 Sye-

179 858 241 925 niti
256 857 359 947 lapidi
372 858 670 947 superimpositum
689 878 848 925 marmor.

109 1006 111 1011 ·
223 982 392 1071 Praecipnc
406 984 489 1072 juga
505 983 651 1064 Coronis,
677 986 825 1049 Plcncn
843 986 876 1049 et
895 984 955 1048 Zto
968 980 999 1037 (ί)
1013 1003 1021 1046 :
1037 983 1184 1052 maxime

178 1110 291 1174 antem
317 1106 462 1174 arduum
486 1109 545 1172 Zc'o
564 1105 606 1185 ⁴²),
629 1106 737 1174 idest
761 1107 853 1174 lovis
880 1106 1028 1185 culmen,
1050 1106 1142 1194 quod
1165 1127 1185 1175 e

177 1229 336 1298 fluctibus
359 1231 394 1297 in
413 1231 477 1298 nra
491 1231 620 1299 circiter
638 1230 764 1320 pedum
783 1231 891 1299 muna
914 1231 1064 1320 erigitur.
1087 1206 1195 1312 ude,

177 1356 274 1444 quasi
295 1356 438 1424 naturali
463 1376 482 1424 e
505 1357 652 1446 specula,
683 1356 830 1437 insulem
857 1362 972 1437 totam,
1000 1357 1095 1446 cujus
1114 1377 1184 1426 me

177 1480 272 1548 dium
287 1485 389 1560 tenet,
407 1480 665 1570 circumspicere
677 1487 739 1550 est.
760 1481 811 1548 Ad
829 1502 985 1550 occasum
1005 1482 1085 1550 solis
1096 1483 1184 1571 jacet

176 1609 347 1690 Drpnnn'c
367 1606 482 1687 vallis,
507 1608 542 1673 in
571 1607 638 1697 qut
661 1607 825 1677 tredecim
851 1608 944 1697 pagi,
977 1608 1063 1676 albis
1086 1608 1184 1676 tectis

176 1731 361 1821 conspicui,
379 1732 466 1800 inter
492 1732 614 1801 oliveta
634 1737 667 1801 et
695 1753 839 1821 quercus
862 1733 1182 1802 interlucent-Lon-

175 1857 252 1947 gius
270 1877 362 1931 vero,
381 1857 469 1925 ultra
495 1857 624 1927 humile
648 1858 787 1926 collium
810 1860 945 1948 jugum,
967 1831 1182 1949 8119111111-

176 1981 274 2050 nities
297 1984 396 2072 jacet,
426 1987 460 2051 et
488 1983 573 2050 111111
600 1982 811 2052 terminatur.
841 1982 892 2050 nd
920 1984 1183 2073 septentrionem

175 2104 343 2172 montium
365 2109 490 2174 tractus
512 2126 588 2174 sese
616 2106 837 2176 extendentes
858 2106 904 2174 ita
931 2106 1069 2174 sinuoso
1091 2107 1183 2176 flexu

176 2236 367 2310 curventur,
385 2235 423 2297 ut
435 2234 583 2317 Phonnn'
597 2236 630 2300 et
649 2231 820 2321 duplicem
833 2233 1010 2300 Coronides
1023 2233 1182 2302 verticem

175 2355 326 2444 aspicies.
363 2356 442 2423 Pers
474 2360 588 2425 cutem
621 2355 663 2424 ad
691 2356 869 2429 meridiem
906 2357 1049 2426 obversa
1073 2358 1182 2427 varies

176 2479 323 2549 ostendit
340 2480 510 2548 montium
528 2480 734 2570 colliumque
749 2481 955 2561 altitudines,
973 2481 1071 2555 certis
1086 2480 1182 2571 quasi

175 2606 335 2695 gradihus
349 2627 457 2695 usque
474 2607 518 2675 od
536 2628 628 2677 mere
641 2607 896 2678 descendentes.
909 2609 1113 2678 Orientalem
1127 2631 1181 2679 re·

175 2729 311 2818 gionem
325 2734 489 2799 torrentes
505 2751 600 2819 oqnae
611 2737 645 2800 et
658 2732 842 2821 praecipitia
857 2737 984 2801 tenent.
997 2733 1031 2800 Si
1045 2732 1181 2820 quando

175 2874 280 2942 purus
299 2858 351 2922 est
365 2873 433 2934 aer,
456 2854 621 2942 solitoque
636 2854 780 2923 nubium
793 2856 869 2924 vela
882 2876 901 2923 a
915 2856 1182 2925 montisrertice

174 2983 396 3056 recesserunt,
414 2982 503 3068 patet
522 2977 689 3046 immense
707 2978 742 3046 in
763 2979 870 3068 spatio
896 2981 1105 3069 prospectus
1133 2986 1178 3061 et,
1258 2963 1260 2966 ’

173 3102 260 3170 ultra
281 3127 298 3164 «
315 3105 475 3186 tntcrfnsc
498 3110 638 3170 nitentes
659 3124 788 3187 aeqnoro
808 3106 965 3188 Cycladas
979 3103 1025 3185 (³),
1037 3133 1053 3170 >t
1070 3105 1182 3173 littore

174 3228 276 3294 Crete
304 3226 605 3316 Peloponnesique,
633 3233 783 3296 extreme
811 3227 912 3296 etiam
933 3229 1021 3297 Asiae
1043 3229 1181 3298 Minoris

173 3353 412 3442 promontoria,
430 3353 625 3442 insulasque
644 3354 750 3439 Chion
769 3360 803 3423 et
821 3356 944 3423 Samon
959 3356 1103 3444 attingit,

217 3476 359 3557 Periere,
377 3477 501 3565 quibus
515 3478 687 3566 quondam
704 3483 841 3567 opertus
856 3483 926 3547 erat
940 3500 1051 3559 mons,
1065 3479 1179 3548 ilicum

173 3604 207 3668 et
224 3600 379 3688 fagorum
394 3600 500 3681 silvae,
517 3621 668 3690 quasque
680 3622 717 3670 se
731 3601 858 3670 vidisse
871 3603 1040 3671 affirment
1057 3604 1180 3693 elapsis

172 3725 325 3814 proxime
355 3725 479 3794 seculis
506 3726 665 3795 Piecenze
683 3725 726 3807 (⁴),
749 3733 782 3795 et
811 3727 960 3815 Ignatius
989 3726 1118 3795 Lichtle
1133 3726 1177 3794 (⁵),

208 3921 245 3993 (l)
258 3922 389 3989 Frnnnnn,
405 3923 487 3977 Reice
500 3922 596 3977 durch
611 3917 841 3983 Griechenland,
858 3919 880 3972 ll
893 3920 945 3974 vol.
962 3919 1063 3974 Naxos.

206 4002 245 4075 (2)
258 4001 393 4073 Enpedit.
415 4007 544 4073 scientis.
567 4002 603 4055 de
618 4001 726 4067 Meroe,
742 4004 807 4054 sect.
822 4001 869 4054 des
886 4001 1004 4055 scioncos
1022 4002 1177 4073 physiques,

172 4085 225 4141 vol.
236 4084 270 4148 ll,
289 4083 325 4136 1η
338 4085 435 4153 partio,
451 4103 478 4155 p.
492 4083 538 4141 62.

208 4163 247 4234 (3)
261 4163 381 4229 Hortum,
396 4163 503 4230 Corn,
515 4164 537 4229 1,
552 4162 595 4225 14,
616 4161 657 4217 lo.

208 4247 246 4319 (4)
260 4248 341 4319 Epeo
354 4249 485 4303 redivivo
500 4268 510 4300 .-
524 4249 617 4302 Nicsic
630 4245 721 4319 (in-4⁰,
736 4248 860 4319 Modone,
879 4247 968 4319 1688),

208 4336 247 4409 (5)
260 4337 356 4392 Descr.
371 4338 407 4391 de
420 4337 531 4404 Nanos,
545 4337 716 4394 manuscrits
