3159 5150
836 595 923 649 -al
944 624 976 638 ..

333 758 338 765 “
412 728 551 823 p'icuum
568 734 771 822 inquolibet
795 756 918 824 genere
942 736 985 803 ad
1008 737 1189 806 macellum
1217 735 1413 813 deferretur,

412 861 497 928 nulli
524 861 720 950 priusquam
742 861 791 928 illi
823 862 942 930 venale
956 861 990 929 id
1005 862 1113 942 lieret,
1131 882 1252 951 resque
1275 868 1364 930 esset
1381 862 1415 928 in

411 986 626 1076 proverbium
644 1007 753 1065 versa,
770 987 905 1075 quoties
928 988 1073 1076 pretium
1087 988 1200 1055 minus
1214 1009 1311 1076 aequo
1322 989 1413 1076 quis-

411 1112 501 1198 piam
532 1109 739 1197 promitteret
760 1134 767 1176 :
796 1134 812 1168 «
830 1109 964 1176 Mallem
978 1110 1044 1177 boc
1059 1111 1162 1199 gratis
1180 1111 1412 1199 Telestagorae‚

410 1256 512 1325 quam
537 1235 597 1302 tibi
618 1255 657 1319 ea
680 1235 876 1304 conditione
892 1320 895 1329 Ι
910 1235 1039 1302 tradere
1054 1235 1104 1302 (¹).
1124 1264 1140 1299 >1
1166 1234 1315 1312 Quadam
1347 1234 1412 1306 die.
1511 1208 1515 1222 ’

406 1363 562 1450 juvenes,
579 1359 706 1448 optimo
720 1379 845 1447 genere
869 1360 943 1438 orti,
964 1361 1092 1448 piscem
1107 1381 1213 1447 quum
1228 1380 1340 1428 emere
1355 1380 1414 1427 vo-

409 1485 562 1565 luissent,
581 1456 682 1573 idque
704 1486 801 1573 quasi
822 1486 1039 1574 proverbium
1065 1507 1126 1575 pro
1146 1506 1308 1574 responso
1323 1493 1414 1553 retu·

409 1610 538 1689 iissent,
550 1610 599 1676 ira
613 1610 762 1697 vinoque
776 1610 926 1699 impulsi,
940 1610 1141 1701 ulciscendae
1155 1610 1197 1678 ab
1213 1609 1414 1678 intolerabili

379 1762 382 1767 ¹
409 1738 629 1825 Telestagorae
650 1738 844 1805 auctoritate
863 1737 1017 1805 factionis
1040 1758 1110 1805 suae
1130 1738 1309 1804 consilium
1329 1738 1413 1804 inie-

408 1863 498 1928 runt.
513 1860 636 1929 Villam
654 1861 728 1949 ejus
741 1858 880 1938 adeunt,
901 1862 1108 1948 comiterque
1123 1861 1266 1949 excepti,
1290 1880 1414 1957 meusae

409 1985 565 2074 hospitali
586 1984 801 2064 accumbunt,
819 1984 862 2051 ἃᾶ
877 1983 1144 2072 pernoctandum
1160 1985 1259 2052 ctiam
1273 1985 1414 2052 invitan-

409 2120 474 2180 tur.
491 2112 718 2179 Nihilominus
741 2111 853 2199 ipsum
878 2111 1154 2187 verberantium
1173 2112 1269 2178 uxori
1291 2119 1325 2179 et
1339 2111 1414 2177 filiae

410 2238 573 2316 inierunt,
601 2256 748 2324 vasaque
780 2237 895 2303 omnia
920 2236 1127 2323 domumque
1159 2236 1342 2325 disjiciunt,
1377 2257 1414 2303 ac

409 2354 554 2422 turbant.
570 2352 666 2430 Quod
681 2353 739 2420 ubi
759 2354 793 2420 in
804 2353 891 2422 urbe
910 2353 1067 2432 innotuit,
1084 2353 1196 2421 furere
1210 2352 1306 2442 plebs
1316 2354 1414 2441 coepit
1455 2355 1457 2359 ’

409 2486 442 2548 et
455 2479 497 2546 ad
509 2500 601 2547 arma
617 2498 725 2547 ruere.
748 2478 878 2545 Obtulit
896 2499 933 2547 se
953 2480 1114 2553 tumultui
1136 2478 1257 2547 ducem
1281 2478 1411 2567 Lygda-

373 2605 379 2626 ²
408 2607 485 2684 mis,
506 2626 699 2693 quanquam
714 2606 785 2695 ipse
797 2626 838 2675 ex
854 2606 1081 2695 optimatibus,
1098 2606 1294 2695 bellumque
1313 2608 1413 2675 intes

409 2732 516 2796 tinum
536 2731 670 2798 exarsit.
687 2731 728 2799 Se
752 2731 786 2797 in
802 2730 933 2819 praediis
949 2730 1160 2818 castellisque
1179 2736 1212 2797 et
1227 2730 1321 2796 urbis
1338 2750 1411 2797 arce

408 2854 505 2920 tutati
533 2860 612 2921 sunt
643 2875 809 2943 procerae,
832 2855 941 2923 doueo
970 2856 1171 2933 Pisistratus,
1201 2876 1278 2922 cum
1306 2856 1411 2922 classe

409 2976 604 3052 adveniens,
617 2979 793 3046 victoriam
812 2978 993 3067 Lygdamis
1005 2979 1145 3067 adjuvit,
1169 2978 1410 3067 dominumque

311 3163 313 3166 .
408 3112 488 3161 eum
507 3094 627 3161 insula
654 3093 885 3161 constituitur,
909 3095 995 3160 Tum
1018 3094 1060 3162 ad
1079 3095 1185 3162 Delon
1211 3094 1410 3183 expiandam

408 3216 591 3306 profectus,
615 3218 723 3285 amico
746 3239 784 3286 ao
813 3218 924 3285 clienti
947 3217 1084 3285 obsides
1105 3216 1247 3285 credidit
1260 3238 1347 3305 quos
1369 3237 1408 3285 ex

408 3344 543 3430 optimis
552 3343 759 3411 Athenarum
776 3342 945 3431 gentibus,
963 3343 1042 3410 lidei
1052 3344 1203 3432 pignora,
1216 3343 1405 3420 abstulerat,

409 3467 653 3555 diligenterque
671 3467 807 3537 volebat
823 3468 998 3536 asservari.

440 3593 634 3681 -Lygdarnis
661 3614 714 3671 ee,
737 3613 840 3681 quem
865 3599 1046 3682 optaverat,
1070 3594 1244 3662 dominatu
1269 3596 1404 3683 potitus,

407 3697 486 3778 euin
506 3708 667 3777 stabilivit
686 3708 793 3797 pulsis
813 3710 847 3775 in
867 3710 1023 3777 exsilium
1040 3710 1257 3797 spoliatisque
1273 3711 1408 3800 optima·
1517 3705 1519 3708 ’

406 3835 507 3902 tibus.
521 3833 621 3904 AEdes
636 3834 738 3901 etiam
752 3855 920 3925 operaque
934 3836 976 3903 ab
991 3836 1040 3904 eis
1056 3843 1163 3925 ooepta
1178 3837 1319 3915 institui,
1336 3837 1407 3904 aliis

407 3958 602 4027 nominibus
629 3958 807 4039 dedicavit,
831 3980 874 4028 ne
893 3961 969 4047 quis
987 3958 1030 4027 ἃᾶ
1052 3981 1110 4028 eos
1133 3962 1279 4028 Deorum
1302 3960 1404 4036 favor,
1458 3989 1460 3996 ·

309 4109 312 4114 >
441 4153 480 4224 (l)
494 4155 613 4219 Arnen,
626 4169 682 4217 vni,
697 4153 758 4209 343.

442 4240 480 4312 (2)
493 4240 615 4316 lirano,
631 4241 652 4302 l,
667 4241 712 4306 64,
723 4271 757 4281 -
771 4240 908 4302 runem„
925 4239 971 4305 lll,
989 4239 1048 4296 104.
