3159 5150
800 536 939 590 ..43-

367 679 457 747 tibus
476 683 602 746 tantam
617 681 729 747 Naxos
743 678 864 770 adepta
878 685 948 749 erat
956 680 1105 749 famam?
1125 680 1253 758 Quibus
1273 682 1371 751 donis

335 846 339 851 ›
367 804 508 874 deorum
526 803 759 872 munificentia
777 802 859 872 sese'
872 802 1088 872 ostenderat?
1107 805 1141 872 Si
1161 811 1291 875 veteres
1310 827 1369 875 au-

365 908 490 1008 dimus,
500 948 569 996 una
578 947 660 997 voce
668 927 998 998 Naxiarumuvarum
1008 930 1205 999 suavitatem
1219 930 1368 1000 laudant.

365 1054 485 1121 Veram
505 1073 581 1122 earn
594 1073 670 1122 esse
689 1032 808 1120 Bacchi
822 1053 966 1142 patriam
987 1055 1058 1122 vini
1075 1056 1160 1124 mira
1177 1056 1371 1145 jucunditas

364 1176 561 1257 affirmabat,
592 1176 736 1264 ideoque
753 1154 966 1264 Dyonisiadae
993 1199 1182 1267 cognomen
1198 1179 1234 1235 (o
1247 1180 1296 1247 illi
1316 1181 1370 1249 in·

363 1301 492 1369 dictum
510 1322 517 1366 :
537 1326 553 1362 «
569 1303 687 1381 Naxon
699 1300 731 1356 (Ξ)
747 1301 951 1389 Dyonisiada
965 1322 985 1370 a
998 1302 1174 1370 vinearum
1188 1300 1367 1385 fertilitate,

364 1418 421 1484 elii
451 1416 598 1485 Siciliam
622 1418 786 1486 Minorem
819 1423 877 1486 aut
898 1418 1084 1507 Callipolim
1099 1392 1331 1509 appellarunt
1350 1449 1366 1485 ν

363 1542 465 1610 Addit
489 1542 591 1612 etiam
611 1543 818 1623 Eustathius
850 1542 1071 1611 admiratione
1098 1545 1195 1633 quasi
1222 1551 1315 1615 extra
1333 1566 1369 1615 se

364 1660 478 1755 raptus
489 1665 532 1747 (³),
556 1691 574 1729 «
593 1666 671 1734 vitis
685 1666 805 1735 folium
820 1687 896 1736 eam
905 1668 1015 1758 figura
1024 1687 1086 1736 sua
1098 1667 1233 1750 referre,
1252 1669 1369 1740 »adeo

362 1792 511 1880 vitigenc
522 1792 599 1859 fuiti
615 1792 838 1860 Archilochus
847 1792 991 1860 Naxium
1010 1794 1129 1862 vinum
1143 1797 1269 1863 nectari
1284 1796 1367 1864 assi-

363 1915 502 1996 milavit,
519 1922 553 1985 et
570 1916 605 1983 in
632 1917 719 1984 votis
744 1918 941 2010 esurionum
970 1923 1051 1998 erat,
1071 1924 1109 1985 ut
1132 1918 1166 1985 id
1189 1919 1369 2009 aliquando

363 2047 518 2116 biberent
533 2047 574 2114 (⁴).

581 2233 636 2305 Δὸς
649 2236 784 2311 μασᾶσθαι
799 2231 902 2308 Ναξίας
916 2234 1074 2315 ἀμυγάλας,

582 2352 665 2419 Οἶνον
679 2344 710 2418 τὲ
724 2352 809 2418 πίνειν
822 2354 931 2431 Ναξίων
946 2352 1154 2436 ἀπ’ἀμπέλων.

362 2561 449 2641 Quid
471 2563 592 2654 plura?
611 2584 655 2633 ne
679 2584 797 2633 rursus
824 2562 995 2631 Bihlinnm
1014 2562 1133 2631 tinum
1161 2582 1366 2632 commemo-

362 2709 446 2768 rem,
464 2709 607 2778 eamque
622 2690 720 2758 toties
735 2689 944 2758 decantatam
962 2688 1083 2756 vitium
1102 2688 1260 2777 speeiem,
1276 2693 1367 2755 tanta
1485 2721 1487 2726 ·

276 2855 303 2878 ‚t
362 2821 433 2884 erat
453 2814 589 2884 Naxiaci
615 2813 684 2883 vini
702 2812 803 2892 fama,
830 2817 868 2879 ut
896 2812 997 2880 etiam
1020 2809 1165 2899 vulgate
1182 2810 1308 2879 fuerint
1324 2809 1371 2878 de'

280 2907 289 2924 ⁸
362 2938 428 3005 hoo
449 2936 583 3017 iehulae,
600 2937 729 3006 fontem
755 2935 884 3004 scilicet
903 2934 1068 3003 ininsula
1092 2935 1235 3003 existere
1258 2954 1276 3002 e
1298 2954 1366 3023 quo

361 3081 494 3130 merum
509 3059 688 3149 aliquando
702 3064 865 3139 manaret,
890 3058 1048 3148 idemque
1068 3058 1304 3127 dulcissimum
1319 3034 1363 3122 (ἢ.

406 3184 460 3253 11Ιί
474 3184 609 3273 Eupolis
620 3205 750 3265 versus,
761 3205 848 3273 quos
866 3183 996 3252 devini
1013 3183 1178 3252 suavitate
1191 3188 1294 3251 testes
1312 3183 1364 3250 in-

362 3308 534 3388 duximus
559 3306 661 3376 iidem
684 3314 718 3377 et
742 3307 997 3396 amygdalarum
1026 3308 1206 3376 Naxiarum
1230 3306 1365 3376 laudern

362 3433 546 3503 continent.
573 3433 743 3502 Consentit
769 3438 803 3501 et
825 3431 1047 3519 Phrynichus,
1065 3432 1147 3499 dum
1170 3431 1244 3500 vult
1264 3432 1365 3500 etiarn

362 3556 510 3625 indicare
534 3557 642 3630 teneri
661 3577 718 3626 eas
745 3576 820 3625 esse
836 3556 979 3634 corticis,
1002 3576 1113 3644 neque
1134 3556 1226 3624 enim
1241 3556 1365 3623 mirum

398 3752 436 3825 (l)
450 3752 565 3807 Drooon.
581 3751 648 3813 Sro.,
662 3752 697 3809 V.
711 3751 755 3807 52.

397 3832 435 3904 (2)
449 3833 538 3907 Putre,
554 3831 593 3886 Η.
610 3832 718 3899 N.‚lV,
733 3829 768 3886 22
780 3832 848 3902 (12).

397 3913 436 3984 (3)
448 3913 493 3965 Ad
506 3913 624 3981 Dionys.
640 3912 770 3982 Perieq„
788 3911 848 3966 156.

398 4004 436 4073 (4)
449 4002 568 4063 Arsam,
583 4001 604 4067 l,
615 4001 659 4067 56,
671 4001 717 4056 cit.
729 4000 877 4070 Eupolim,
887 3985 1045 4077 ταξίαρχος.

398 4092 436 4163 (5)
451 4091 572 4152 Orosius,
588 4091 703 4152 Indica,
720 4089 867 4160 10⁴(Fra9.
882 4087 958 4142 Hiar.
974 4088 1079 4150 (ἔνθεα,
1095 4088 1194 4158 uidet).
1212 4117 1245 4130 -
1264 4089 1364 4145 Srltru.

360 4180 434 4243 Brz„
448 4173 550 4250 Νάξος.
561 4208 595 4220 -—
609 4178 728 4232 Herarl.
742 4194 787 4247 ap.
800 4177 929 4238 sorcin,
943 4194 968 4227 ν.
982 4170 1086 4249 Νάξης,
