3159 5150
821 570 981 626 403-

399 710 441 777 ah
472 710 676 779 insularihus
706 713 837 802 exegit,
874 711 1070 801 praedasque
1104 713 1212 801 rapuit
1247 711 1354 781 donec
1382 734 1403 780 a

399 832 538 901 Rhodiis
564 839 654 904 asset
668 835 842 925 depulsus.
864 836 1029 915 Ceterum,
1047 835 1106 902 uhi
1131 835 1173 903 ad
1188 836 1402 924 partitionem
1451 857 1454 867 ’

397 959 517 1047 prada
541 967 680 1029 ventum
703 967 765 1037 est,
794 966 875 1029 ortae
901 961 988 1028 inter
1017 962 1126 1029 socios
1155 962 1399 1040 contentiones

397 1088 659 1176 Demetriusque
679 1095 791 1178 partes
818 1089 964 1178 Philippi
987 1074 1075 1157 cum'
1086 1089 1208 1177 Illyriis
1226 1070 1402 1179 amplexus

387 1217 459 1281 est.
480 1213 626 1281 Ardebat
639 1220 753 1283 autem
773 1220 854 1283 tunc
868 1215 1030 1304 temporis
1048 1215 1177 1284 Sociale
1201 1216 1343 1297 Bellum,
1366 1217 1402 1283 in

398 1358 465 1426 quo
482 1339 680 1409 Macedones
706 1342 795 1410 vires
825 1362 915 1420 suas
947 1361 1031 1430 quas
1058 1361 1212 1430 reparare
1229 1347 1262 1410 et
1279 1361 1403 1430 augere

353 1528 356 1534 i
397 1463 559 1533 adversus
574 1471 770 1554 provocatos
787 1487 807 1534 a
823 1487 859 1535 se
876 1468 1045 1535 Romanos
1060 1466 1238 1547 dehebant,
1255 1467 1289 1534 in
1304 1487 1400 1535 recu-

398 1588 545 1678 peranda
562 1590 752 1659 Graecorum
777 1590 1005 1659 dominatione
1030 1591 1268 1660 exhauserunt.
1286 1594 1401 1680 Neque

398 1734 492 1782 mora
505 1736 613 1804 poenae
631 1716 733 1805 longa
746 1717 826 1797 fuit;
850 1737 930 1785 nam
948 1718 1099 1798 Romani,
1119 1718 1294 1786 Annibalis
1308 1722 1401 1786 metu

397 1837 539 1919 liberati,
557 1839 748 1929 Philippum
763 1841 875 1910 subito
889 1842 1039 1931 aggressi
1049 1847 1128 1909 sunt
1149 1840 1249 1928 (198).
1278 1842 1400 1909 Eorum

398 1961 492 2042 socii,
513 1961 634 2031 Rhodii
660 1963 787 2032 scilicet
810 1966 1029 2055 Pergamique
1059 1986 1118 2034 rex
1146 1965 1287 2045 Attalus,
1317 1965 1399 2033 dum

362 2081 370 2097 ’
398 2086 447 2154 eis
465 2106 565 2176 opem
587 2087 688 2157 laturi
711 2088 908 2168 adveniunt,
931 2089 1118 2157 intransitu
1137 2089 1401 2177 Cycladasoccu·

397 2230 530 2299 pavere,
547 2233 691 2300 quarum
706 2212 781 2280 dua
797 2218 938 2293 tantum,
960 2213 1092 2280 Andros
1107 2214 1274 2301 Parosque
1283 2215 1400 2302 paulu-

397 2335 468 2401 lum
483 2336 687 2404 restiterunt.
714 2336 796 2406 lude
819 2337 1004 2427 Philippus,
1021 2334 1059 2405 ut
1088 2336 1283 2405 deficientes
1298 2336 1399 2404 ulcis·
1487 2354 1491 2361 ·

398 2464 538 2538 caretur,
554 2461 783 2529 Dicaerchum
807 2462 966 2542 AEtolum;
988 2462 1183 2551 prafectum
1203 2461 1301 2530 classi
1319 2481 1396 2540 sua,

355 2660 357 2664 ‚
398 2604 516 2652 omnes
527 2586 622 2675 AEgei
641 2587 744 2656 maris
761 2587 891 2655 insulas
904 2588 1058 2677 populari
1067 2587 1168 2677 jussit
1182 2586 1222 2677 (θ’.

441 2710 668 2778 Romanorum
685 2711 825 2779 victoria
842 2710 980 2780 reddita
993 2711 1057 2778 sihi
1072 2710 1243 2798 Cyclades
1261 2710 1400 2779 durante

395 2841 507 2909 adhuc
527 2843 697 2922 societate,
715 2843 776 2912 sed
794 2847 1122 2931 quamsenatusnou
1139 2843 1397 2930 pertimesceret.

396 2969 481 3035 Nam
496 2969 554 3035 uni
568 2969 617 3037 rei
631 2970 781 3065 vacabat,
797 2976 836 3037 ut
848 2970 974 3037 scilicet
988 2969 1139 3058 impensa
1163 2969 1335 3036 communi
1349 2988 1400 3036 co·

396 3111 488 3160 ronae
515 3097 699 3182 statuaque
726 3114 787 3162 seu
807 3093 1070 3183 magistratibus,
1101 3112 1161 3160 scu
1191 3091 1400 3181 adjutoribus

396 3216 467 3284 suis
478 3215 736 3286 decernerentur
747 3217 791 3284 (²).
809 3218 841 3285 Is
860 3237 974 3285 rerum
993 3222 1098 3284 status
1119 3217 1184 3284 fuit
1206 3215 1313 3284 donec
1336 3217 1399 3283 Ro-

337 3425 340 3430 *
395 3332 496 3412 mani,
522 3332 617 3401 nullo
636 3333 707 3422 jam
736 3333 936 3402 insularium
964 3338 1130 3421 respectu,
1148 3331 1260 3401 foedus
1284 3351 1400 3400 eorum

431 3581 469 3653 (1)
485 3581 689 3647 Poura.,xv1u,
705 3581 749 3638 37.
766 3611 800 3623 -
815 3581 897 3647 Rosa,
912 3582 1006 3634 Irarcr.
1030 3579 1146 3646 incdit,
1171 3581 1236 3635 fasc.
1259 3579 1293 3645 ll,
1314 3598 1340 3650 p.
1356 3579 1399 3645 54,

395 3669 509 3738 epistola
523 3669 643 3741 Philippi
661 3672 694 3725 ad
710 3671 852 3743 Nisyreos,
871 3672 901 3725 2ο
921 3687 990 3726 anno
1004 3670 1109 3741 Olymp.
1125 3684 1202 3725 cxcv.
1218 3698 1251 3711 -·
1267 3669 1400 3735 Sancum,

397 3756 557 3811 Geachiclrt.
570 3776 627 3813 eon
641 3759 870 3826 Griechenland‚
885 3773 914 3829 p.v
929 3758 991 3813 215.

433 3843 469 3915 (2)
480 3845 515 3899 V.
526 3845 638 3901 Teniam
647 3848 847 3918 inscriptionem
861 3848 909 3902 ubi
922 3847 953 3907 τὸ
966 3846 1054 3907 κοινὸν
1067 3848 1120 3905 τῶν
1132 3848 1268 3920 νησιωτῶν
1279 3862 1401 3899 coronam

395 3933 502 3989 Timoni
521 3936 649 4002 decernit,
674 3936 860 4009 Nymphodori
883 3936 1044 4008 Syracusani
1066 3936 1136 4001 filio,
1158 3934 1185 3987 0.
1206 3935 1231 3988 Ι.
1255 3933 1301 4000 G„
1320 3934 1399 4001 2334,

396 4019 421 4083 οἱ
441 4026 566 4097 νησιῶται
591 4030 706 4080 statuam
727 4025 928 4095 Agathostratis
954 4024 1074 4095 Apollini
1098 4028 1253 4079 consecrant
1281 4022 1398 4094 (Delos);

396 4111 477 4178 2273,
487 4110 512 4173 οἱ
526 4116 651 4188 ιιιιιιιιῖιτιιι
664 4116 778 4170 honores
789 4115 832 4169 vel
846 4114 998 4169 Ptolemaeis
1013 4114 1055 4167 vel
1067 4114 1178 4183 privetis
1191 4114 1293 4167 civibus
1306 4114 1399 4167 decer·

397 4205 474 4257 nunt.
755 4219 762 4224 ·
