3159 5150
811 540 949 595 ..53-

384 680 466 750 ridis
480 681 609 752 fuisset.
631 684 804 754 Referebat
819 684 983 753 Diodorus
1000 687 1050 770 (V,
1067 686 1119 772 75)
1136 686 1171 752 in
1188 687 1292 766 Creta,
1310 706 1383 775 sep

383 808 585 876 tentrionem
596 829 724 890 versus,
741 810 776 876 in
791 810 936 899 geminis
949 809 1112 900 portubus
1129 811 1242 895 (δῶυμοι
1255 813 1380 897 κόλποι),

306 1000 308 1004 .
385 930 469 999 duas
485 951 557 1001 esse
580 932 718 1013 insulas,
741 933 949 1002 Dionisiadas
970 932 1086 1014 dictas,
1099 954 1166 1022 quo
1181 933 1314 1002 duxerit
1327 954 1381 1001 ca-

383 1055 481 1123 lones
495 1056 669 1145 AEgyptios
693 1057 852 1137 Bacchus,
882 1059 974 1126 lovis
996 1063 1029 1126 et
1048 1059 1253 1148 Proserpinae
1277 1058 1379 1125 filius.

385 1180 528 1268 Recepto
547 1179 636 1269 apud
659 1181 849 1248 Hellenioos
863 1183 950 1250 Deos
963 1181 1122 1272 Dionyso,
1140 1182 1285 1251 iuventa
1304 1190 1383 1249 sunt

384 1302 507 1371 fabulae
520 1304 644 1392 quibus
663 1305 796 1373 Graecus
815 1312 848 1374 et
869 1307 904 1373 in
930 1307 1052 1376 Graecia
1070 1313 1169 1376 natus
1191 1307 1380 1376 haberetur.

385 1428 478 1495 Tund
496 1433 666 1497 narratum
677 1430 915 1510 estSemelem,
932 1431 1123 1499 Thebarum
1137 1430 1301 1520 reginam,
1313 1430 1385 1498 lovi

385 1553 604 1624 succubuisse
631 1556 827 1645 prolemque
855 1554 1105 1645 concepisset).
1136 1557 1247 1633 Quum
1273 1561 1385 1623 autem

386 1679 532 1746 Deorum
539 1699 597 1747 rex
609 1680 714 1748 nollet
723 1680 832 1748 filium
851 1702 953 1749 suum
963 1701 1003 1749 ex
1018 1681 1150 1749 mortali
1164 1681 1269 1761 nasci,
1286 1699 1386 1768 quem

387 1804 626 1873 immortalitati
645 1805 839 1887 destinaret,
857 1811 999 1874 matrem
1020 1805 1162 1874 fulmine
1181 1823 1384 1894 percussam,

386 1928 582 2017 priusquam
591 1930 779 2018 parturiret,
797 1931 832 1997 in
842 1931 965 1999 coelum
975 1931 1160 2008 transtulit;
1178 1929 1298 1998 loetum
1309 1947 1387 1997 vero

290 2125 298 2139 ι
387 2044 472 2133 ejus,
503 2043 537 2110 in
562 2045 689 2115 femore
716 2046 885 2114 inclusum
919 2067 981 2114 suo
1013 2045 1169 2135 gestavit,
1204 2049 1387 2132 octavoque

387 2190 504 2239 mense
515 2171 550 2238 in
562 2171 673 2241 lucem
691 2172 806 2241 edidit.
823 2174 930 2240 Locus
941 2172 989 2240 rei
1003 2173 1129 2241 electus
1138 2173 1260 2251 Naxos,
1274 2169 1387 2257 ibique

387 2293 495 2363 tribus
521 2296 698 2385 Nymphis,
721 2297 847 2376 Philiae,
873 2296 1028 2365 Coronidi
1056 2302 1089 2365 et
1115 2296 1214 2363 Clidae
1243 2291 1388 2362 creditus

388 2439 472 2509 puer
485 2420 543 2509 qui
557 2426 684 2490 secreto
699 2421 907 2490 educaretur.

433 2543 567 2614 lnfensa
580 2550 691 2615 autem
710 2547 809 2628 luno,
826 2551 1002 2636 postquam
1025 2545 1179 2635 conjugis
1203 2544 1255 2613 sui
1280 2542 1389 2610 filium

390 2671 472 2739 Naxi
499 2690 573 2739 esse
595 2672 711 2751 audiit,
740 2671 893 2739 adultum
923 2672 994 2759 J’am
1025 2676 1059 2740 et
1091 2689 1196 2760 prope
1228 2670 1389 2758 juvenem
1462 2719 1466 2724 .

390 2795 559 2870 dementia
577 2796 695 2863 afflixit
709 2795 751 2875 (²),
770 2795 926 2882 misitque
949 2814 1010 2883 per
1027 2799 1135 2863 totum
1154 2800 1319 2862 terrarum
1342 2813 1392 2859 or-

389 2919 467 2988 bem
483 2918 735 3009 vagabundum.
762 2919 910 2986 Bacchus
925 2897 1004 2987 cero
1024 2918 1201 2986 sanitatem
1216 2938 1308 2996 mcx,
1331 2917 1392 2984 im·

389 3065 610 3134 mensamque
628 3050 743 3134 postea
757 3044 908 3133 gloriam,
922 3042 1074 3132 dispersa
1088 3064 1148 3132 per
1167 3048 1287 3132 gentes
1303 3042 1390 3110 feras

391 3176 425 3241 et
451 3191 558 3259 usque
586 3169 629 3239 ad
660 3168 760 3237 ludos
792 3189 976 3258 gracorum
1006 3188 1139 3236 morum
1170 3168 1387 3244 humanitate,

392 3295 526 3384 recepit.
543 3294 721 3362 Exhaustis
749 3292 886 3361 tandem
914 3292 1096 3372 laboribus
1128 3291 1170 3360 ab
1200 3292 1303 3359 Icaria
1327 3292 1391 3358 Na·

392 3440 460 3488 xon
490 3438 620 3498 versus,
649 3419 760 3508 specie
793 3419 925 3487 mortali
954 3420 1073 3498 latens,
1106 3416 1183 3485 navi
1213 3416 1392 3505 Tyrrhena

392 3566 499 3633 quum
517 3544 742 3622 inveheretur,
769 3543 916 3612 insidiati
939 3549 1019 3612 sunt
1044 3543 1076 3612 ei
1103 3547 1222 3620 nauta,
1249 3542 1318 3610 vim
1336 3561 1393 3630 pa-

393 3674 516 3737 rantes.
540 3670 682 3757 lamque
713 3668 933 3758 pretermissa
959 3669 1063 3746 Naxo,
1084 3668 1197 3735 Asiam
1225 3666 1392 3756 petebant,

394 3794 452 3862 ubi
480 3796 515 3863 in
551 3796 749 3864 servitutem
773 3794 986 3875 venderetur,
1020 3815 1127 3883 quum
1158 3792 1269 3861 subito
1301 3811 1394 3860 reve-

429 4015 468 4089 (11
484 4017 631 4077 Hesiones,
650 4015 767 4086 Theop„
778 4032 839 4069 vers
852 4012 914 4069 940.
926 4041 958 4056 -
975 4014 1068 4078 Dion,
1084 4013 1119 4080 V,
1129 4012 1173 4068 52.
1193 4040 1227 4055 -
1241 4014 1394 4076 dromon,

395 4104 546 4170 biblioth,
557 4106 600 4171 lll,
615 4104 642 4159 3.
657 4134 690 4147 -
704 4106 795 4170 0111),
809 4104 939 4169 Metam,
955 4102 1002 4162 111,
1015 4101 1078 4156 260.

430 4194 470 4267 12)
483 4195 595 4266 Hymni
608 4194 707 4261 Hom„
721 4209 795 4248 xxvi.
809 4222 842 4235 -
855 4193 947 4255 Ovuu,
961 4191 1042 4258 Met,
1058 4191 1104 4258 111,
1119 4189 1182 4244 630.
