3159 5150
602 558 742 615 ..09-

215 701 381 778 Ducentos
403 701 532 768 circiter
559 719 665 767 annos
693 700 728 777 in
744 700 854 767 insula
869 699 1013 769 Thraces
1041 721 1173 768 reman-

171 844 244 892 sere
260 823 302 903 (¹),
320 823 374 892 vel
385 823 508 912 praeda,
525 824 580 892 vel
595 844 752 913 agrorum
772 844 852 892 cura
869 823 973 892 vitam
984 830 1175 893 sustentan-

171 952 233 1015 tes.
256 947 404 1016 Tandem
419 947 567 1016 siccitate
581 948 683 1016 totius
693 948 773 1015 anni
788 954 822 1016 et
840 948 952 1038 inopia
967 948 1125 1038 expulsos
1140 949 1175 1015 in

171 1072 312 1161 patriam
326 1072 503 1161 pristinam
525 1072 708 1140 necessitas
733 1071 982 1161 redintegravit.
1000 1072 1176 1140 Probabile

118 1242 121 1247 -
170 1216 250 1264 vero
270 1201 403 1264 estnon
430 1216 488 1264 eos
515 1196 602 1265 intra
623 1201 753 1265 tantum
770 1196 932 1286 temporis
946 1197 1093 1285 spatium
1107 1217 1178 1264 om·
1290 1262 1291 1265 ,

169 1322 262 1390 mino
282 1320 499 1409 tranquiNoS,
525 1312 627 1409 inque
655 1322 768 1410 AEgaeo
796 1321 892 1400 mari,
917 1320 1011 1389 nullo
1032 1341 1174 1410 usquam

69 1444 72 1451 “
168 1440 378 1525 adversante,
401 1444 592 1513 dominatos
621 1465 707 1513 esse.
727 1445 882 1514 Florebat
908 1446 1067 1529 enimeo
1088 1450 1174 1513 tem-

169 1569 249 1659 pore
269 1590 455 1659 gensque,
472 1569 609 1656 asyriae
627 1568 798 1636 littoribus
817 1589 926 1659 usque
941 1568 982 1637 ad
997 1570 1176 1637 Columnas

168 1695 334 1773 Herculis,
351 1693 633 1762 Mediterraneum
650 1712 742 1760 mare
761 1697 870 1760 totum
886 1693 1051 1760 classibus
1069 1698 1102 1762 et
1119 1715 1175 1762 co·-

168 1818 268 1887 loniis
289 1818 491 1888 obtinuerat.
520 1818 580 1887 llla
593 1818 716 1907 piratas
731 1837 791 1906 pro
811 1817 966 1886 hostibus
986 1817 1111 1887 h‘abere
1125 1824 1174 1885 at-

169 1963 235 2032 que
249 1943 413 2011 instanter
427 1962 558 2030 urgere,
581 1942 609 2009 si
625 1942 847 2031 comprimere
863 1942 1002 2015 omnino
1022 1962 1092 2009 non
1115 1963 1175 2032 po-

170 2073 264 2148 terat,
279 2066 405 2136 debuit.
424 2068 504 2144 Quae
518 2068 611 2136 enim
626 2066 806 2167 hominum
821 2067 907 2134 inter
922 2086 959 2134 se
974 2067 1175 2135 commercia

169 2194 322 2271 floreant,
339 2192 406 2259 nisi
421 2193 489 2263 sint
503 2198 597 2260 tuta?
621 2191 850 2282 condiderunt
869 2197 982 2261 autem
1001 2193 1177 2283 Phoenices

170 2315 359 2404 emporium
370 2316 526 2383 ininsula
544 2314 701 2395 Oliarol2l,
719 2336 840 2405 propre
849 2317 967 2395 Paron,
982 2316 1177 2384 stationem·
1209 2396 1213 2406 ,

169 2459 235 2529 que
252 2440 296 2511 ad
310 2439 509 2509 reficiendas
530 2439 786 2528 onerandasque
809 2440 1016 2509 insularibus
1031 2462 1175 2531 proven·
1196 2424 1202 2440 ⁸

170 2566 257 2636 tibus
271 2571 370 2635 rates
389 2566 506 2655 Neque
522 2564 709 2636 absurdum
727 2571 780 2634 est
801 2565 936 2635 credere
952 2588 1022 2647 eos,
1040 2567 1098 2656 qui
1115 2588 1175 2636 ne-

168 2692 337 2781 gotiorum
347 2695 438 2759 tanta
457 2690 636 2758 calliditate
651 2695 683 2758 et
702 2669 908 2779 experientia
921 2692 1051 2781 praediti
1062 2698 1170 2771 erant,

169 2806 285 2885 Naxon
311 2815 403 2884 haud
424 2815 627 2905 neglexisse,
655 2821 755 2903 atque
783 2815 863 2884 inde
889 2816 1017 2886 fructus
1047 2818 1177 2905 aliaque

169 2940 366 3030 hujusmodi
385 2945 590 3032 exportasse.
617 2941 707 3007 Inter
727 2940 856 3008 Rhenei
883 2941 1002 3009 insulae
1031 2941 1173 3031 inscrip-

170 3067 289 3146 tiones
312 3086 381 3133 una
402 3065 590 3134 ostenditur
605 3084 679 3153 quae
692 3084 818 3144 nomen
838 3064 1049 3133 Phoenicium
1067 3065 1176 3154 quod-

170 3191 259 3269 dam,
279 3190 365 3258 inter
379 3188 524 3256 familias
538 3190 655 3256 Naxon
673 3188 869 3268 incolentes
889 3188 991 3256 refert
1005 3188 1037 3242 (³)
1051 3210 1058 3252 :
1077 3198 1176 3276 Μαάρ-

158 3319 211 3402 lo]
232 3318 330 3400 Ναξία.
354 3314 442 3380 Eane
457 3319 508 3381 est
522 3334 590 3382 una
604 3333 645 3380 ex
665 3312 857 3392 Phoeniciis,
881 3311 963 3379 olim
982 3312 1017 3378 in
1032 3312 1177 3380 insulam

169 3438 330 3517 advectis
342 3437 501 3528 gentibus
511 3458 598 3526 quae,
610 3436 710 3505 etiam
728 3441 804 3526 post
818 3435 1024 3503 Hellenicam
1036 3456 1177 3526 occupa-

170 3563 309 3641 tionem,
332 3562 365 3632 in
382 3560 582 3648 Cycladibus
606 3564 852 3639 remanserunt,
870 3580 913 3627 an
927 3560 1039 3648 aliqua
1053 3580 1095 3628 ex
1112 3562 1178 3648 Ty·

170 3686 228 3753 riis
258 3684 325 3751 illis
349 3684 499 3765 familiis,
534 3706 610 3773 quae
637 3691 713 3774 post
734 3683 965 3753 Alexandrum
987 3685 1022 3750 in
1051 3685 1178 3753 insulas

170 3808 273 3897 AEgaei
287 3808 390 3875 maris
409 3828 533 3889 mores,
551 3808 748 3896 religionem
763 3812 918 3896 artesque
934 3828 1012 3876 suas
1030 3813 1176 3876 transtu·
1238 3863 1242 3872 .

205 4024 245 4118 (i)
257 4047 386 4112 mocon,
401 4047 437 4112 v,
448 4045 493 4100 so.

103 4168 107 4176 -
206 4134 245 4206 (2)
263 4135 398 4198 Hannon,
412 4136 512 4201 Porro,
527 4134 556 4188 2.

207 4223 245 4295 (3)
260 4223 373 4293 Expedi
384 4226 511 4295 scientis.
526 4222 562 4276 de
575 4223 683 4277 More'e.
698 4224 821 4295 Inscript.
833 4224 866 4277 dc
879 4222 997 4284 Rhenes,
1007 4220 1028 4276 Ι.
