3159 5150
588 546 727 600 ..17-

155 693 257 767 cotes,
275 687 470 777 lapidesque
486 710 556 769 eos,
574 689 741 779 poliendis
761 689 986 758 marmoribus
996 690 1158 777 gemmis-

154 804 221 900 que
244 812 357 892 utiles,
382 814 443 901 qui
467 814 522 881 vel
548 834 589 881 ex
615 814 727 881 insula
747 816 802 882 vel
823 835 865 883 ex
887 813 1034 902 quadam
1057 815 1160 882 Cretae

154 936 250 1015 urbe,
264 936 360 1004 Naxii
376 935 545 1004 dicuntur.
561 938 697 1003 detortos
711 938 812 1006 Medii
826 939 900 1006 AEvi
915 938 1052 1006 castello
1065 959 1161 1006 cons-

154 1059 274 1148 picuus
287 1058 329 1124 11).
351 1064 492 1126 Dtatooro
504 1081 630 1129 nomen
639 1060 741 1128 habet
756 1082 797 1128 ex
815 1062 920 1129 veteri
934 1061 1080 1150 quadam
1094 1063 1158 1128 cis-

155 1189 249 1251 terna
265 1205 340 1271 quaa
355 1184 481 1274 duplici
496 1205 565 1263 ore,
582 1185 727 1253 rotundo
743 1190 898 1274 utroque,
910 1207 1033 1274 aquam
1047 1186 1161 1253 minis

138 1312 229 1377 ’111

200 1435 298 1502 Haud
313 1435 442 1524 procul,
471 1434 516 1501 ita
538 1440 576 1501 ut
597 1434 713 1503 credas
732 1436 788 1502 hic
806 1420 957 1504 exstitise
976 1434 1161 1523 antiquitus

155 1559 236 1625 satis
264 1559 411 1648 amplam
441 1558 568 1637 villam,
595 1556 742 1644 Ἐοχατίαν
774 1559 904 1627 scilicet
918 1559 964 1638 (11,
997 1554 1160 1628 1111111-

155 1683 201 1749 ris
229 1682 449 1772 pulcherrimi
472 1702 511 1749 ac
542 1702 621 1750 vere
648 1681 1162 1772 111111111111111111113),1111-

157 1806 236 1873 dido
247 1826 427 1886 marmore,
450 1807 606 1887 rotunda,
625 1827 717 1874 nunc
740 1807 842 1875 etiam
858 1808 995 1895 triginta
1012 1808 1162 1896 quinque

155 1936 213 1997 aut
231 1929 454 2018 quadraginta
468 1928 573 2019 pedes
586 1931 652 1998 alta
666 1930 718 1997 (⁴).
740 1932 838 1999 Porta
848 1932 1027 2000 meridiem
1042 1952 1162 2000 versus
1237 1940 1239 1943 ’

157 2055 231 2132 sita,
252 2054 337 2120 lffl25
356 2054 434 2133 1111,
468 2054 554 2121 1170
568 2053 634 2121 alta
657 2058 719 2121 est.
745 2055 866 2123 Parieti
888 2056 1038 2124 adversae
1067 2055 1162 2121 infixi

157 2187 236 2248 sunt
251 2181 349 2247 11111
363 2180 533 2247 semirutae
547 2180 683 2268 gradus
697 2200 766 2269 ,per
779 2201 883 2268 quam
897 2181 942 2248 ad
957 2180 1159 2260 tabulatum,

157 2306 283 2373 crebris
309 2306 466 2372 fenestris
494 2309 659 2393 apertum,
694 2303 948 2373 ascendebatur.
981 2305 1066 2372 Muri
1095 2310 1163 2371 tres

158 2431 262 2520 pedes
277 2431 347 2511 lati,
368 2429 539 2519 inquibus
556 2428 711 2496 nonnulli
733 2428 931 2496 inferiomm
954 2428 1099 2518 pilarum
1112 2429 1162 2495 la-

158 2555 254 2645 pides
278 2555 424 2624 duorum
448 2554 575 2646 pedum
598 2552 823 2633 altitudinem,
845 2554 995 2642 quinque
1023 2553 1077 2621 vel
1105 2572 1164 2621 sex

158 2682 284 2770 pedum
303 2679 553 2778 longitudinem
573 2679 710 2747 hahent.
741 2677 950 2757 Quibusdam
969 2678 1071 2746 etiarn
1093 2678 1163 2744 ins-

159 2786 272 2895 culpta
286 2808 445 2894 leguntur
464 2805 572 2892 signa,
584 2803 738 2871 ordinem
753 2807 787 2871 et
800 2804 913 2870 locum
929 2803 1092 2891 cujusque
1100 2802 1163 2868 ho-

159 2930 309 2998 minibus
340 2929 533 3022 indicantia,
562 2937 598 3006 N,
625 2935 661 3005 0,
692 2937 729 3007 Χ,
755 2935 791 3006 Ο,
821 2936 857 3006 ll,
882 2936 932 3005 xl,
960 2930 1023 2993 etc.
1051 2925 1165 2993 Turris

159 3062 272 3124 autem
291 3054 486 3132 diametrus,
504 3051 650 3118 duorum
664 3056 697 3118 11
721 3051 839 3139 viginti
864 3050 992 3138 pedum
1012 3057 1065 3117 est
1075 3073 1083 3126 ;
1105 3069 1164 3116 ex-

159 3180 350 3270 pressiones
365 3177 517 3266 lapidum
543 3176 691 3244 exterius
715 3175 864 3240 multum
889 3174 1090 3251 eminentes,
1109 3193 1165 3239 co-

161 3305 333 3392 loremque
359 3300 576 3392 splendidum
600 3300 699 3366 illum
722 3303 897 3366 traxerunt
921 3318 989 3385 quo
1017 3297 1067 3364 sol
1096 3295 1166 3363 rui·

197 3570 232 3640 (l)
247 3570 371 3634 Dareus,
388 3568 485 3621 Descr.
502 3576 595 3621 exact.
612 3568 647 3620 de
664 3567 817 3636 l’Arclrip.‚
835 3571 861 3619 11
875 3565 1023 3628 Placebat,
1037 3564 1055 3616 l.
1071 3579 1107 3628 1.,
1119 3562 1169 3616 hoc

160 3660 301 3713 castellum
316 3658 409 3711 Castel
424 3656 536 3710 d'Ostro
551 3660 646 3710 vocant
674 3649 677 3655 ’

196 3747 234 3817 (2)
248 3746 327 3808 Roas,
343 3746 392 3816 Op.
411 3748 471 3809 cit,
485 3744 531 3806 43,
548 3746 655 3798 inventa
668 3742 706 3795 ibi
716 3743 849 3795 hellenica
860 3739 983 3808 sepulcra
997 3744 1137 3793 memorat.

195 3835 232 3907 (3)
249 3835 279 3898 P.
293 3834 414 3899 Sanoua,
433 3833 508 3885 Huc.
530 3833 580 3885 des
595 3833 666 3885 duca
684 3832 720 3883 de
738 3830 848 3894 Naxon
872 3846 897 3897 p.
914 3827 977 3891 397,
992 3827 1060 3879 hanc
1073 3827 1170 3879 turrim

161 3925 306 3979 Kbimaoo
320 3924 394 3976 dicit.

196 4012 235 4082 (l)
253 4012 463 4066 Transactions
482 4014 518 4081 of
528 4010 576 4062 tlte
589 4010 676 4078 νομαὶ
700 4009 807 4075 society
823 4010 860 4077 of
872 4007 1040 4058 litterature
1055 4022 1064 4055 :
1079 4001 1112 4062 22
1125 4004 1170 4052 se-

160 4103 210 4167 rie,
225 4101 277 4154 vol.
294 4100 327 4163 ll,
343 4098 377 4153 21
386 4114 459 4168 pars,
471 4115 497 4167 p.
518 4095 578 4161 160,
595 4098 679 4149 turris
694 4094 839 4162 descriptio
852 4098 878 4145 et
893 4093 991 4160 imago.
1007 4090 1042 4141 cf.

197 4186 360 4260 (5111111.
375 4188 476 4239 scient.
491 4184 527 4237 de
545 4184 655 4247 Marte,
677 4180 792 4245 Archit,
814 4179 933 4248 ¹Sculpt,
950 4177 1002 4231 vol.
1024 4175 1070 4243 lll,
1085 4191 1112 4243 p.
1124 4170 1168 4226 69.

1066 4272 1078 4311 2
