3159 5150
790 535 796 549 .
853 527 993 580 ‚30-

419 667 603 754 Syracusis
634 669 776 756 Megara,
793 681 796 687 ’
814 667 964 746 Athenis,
994 668 1124 757 AEgina,
1148 669 1422 759 timentibusque

418 789 504 858 Asiae
510 789 647 857 Minoris
657 789 810 885 urbibus,
825 791 979 878 Smyrno,
991 791 1134 881 Epheso,
1148 793 1270 872 Mileto,
1282 794 1421 863 Phoceis

418 914 569 984 facienda
593 915 796 984 ditescerent
810 916 854 981 (¹).
880 916 1034 985 Deliacus
1056 917 1235 986 thesaurus
1259 919 1359 986 sociis
1380 940 1420 988 ex

418 1040 559 1109 urbibus
574 1041 754 1129 quotannis
765 1026 853 1108 'lucri
869 1040 1047 1121 decumam
1061 1042 1276 1132 percipiebat,
1290 1050 1421 1133 pronas

416 1186 482 1254 que
515 1185 634 1254 graves
658 1164 819 1254 divinitus
856 1166 970 1234 luebat
1001 1187 1223 1254 quecumque
1256 1168 1420 1256 templum

412 1294 504 1381 justo
513 1291 640 1359 tributo
653 1290 808 1359 fraudare
827 1312 908 1359 ausa
927 1295 1027 1360 esset.
1046 1292 1226 1359 Teniorum
1242 1292 1345 1369 enim,
1363 1293 1421 1380 qui
1477 1312 1479 1317 ’

416 1417 594 1485 decumam
608 1417 805 1503 abnuerant,
830 1416 941 1485 fractae
956 1438 1048 1507 opes,
1071 1418 1299 1506 oppidumque
1324 1423 1419 1484 terrae

414 1546 509 1610 motu
523 1563 627 1632 prope
646 1542 809 1610 dirutum.
893 1512 898 1521 ι

459 1668 589 1735 Bellum
609 1674 722 1736 tamen
741 1667 872 1736 eisdem
892 1668 963 1737 fere
983 1669 1193 1757 temporibus
1208 1669 1333 1738 exarsit
1352 1691 1417 1758 quo

414 1796 625 1860 tantumnon
639 1792 722 1859 Naxi
738 1812 820 1880 opes
835 1791 987 1860 funditus
1002 1813 1126 1861 eversae
1141 1793 1317 1861 (²l.Naxius
1327 1794 1418 1861 enim

413 1918 563 2007 qnidam,
585 1919 723 1987 nomine
739 1919 941 1999 Promedon,
960 1918 1130 2008 Ephesum
1140 1920 1175 1985 in
1186 1919 1327 1987 domum
1341 1919 1417 1986 hos-

412 2044 489 2132 pitis
507 2043 560 2111 sui
580 2045 833 2132 Hypsicreontis
859 2065 965 2132 quum
988 2044 1189 2125 divertisset,
1212 2043 1417 2113 ineluctabili

412 2187 526 2235 amore
548 2167 648 2235 amici
679 2168 731 2236 sui
756 2162 898 2246 uxorem
924 2168 1052 2235 inscius
1076 2167 1237 2237 incendit.
1254 2167 1416 2236 Ardorem

411 2293 550 2382 quidem
577 2294 636 2362 illa
654 2315 766 2374 suurn,
787 2295 907 2362 marito
927 2296 1102 2384 prasente,
1122 2294 1268 2363 celatum
1286 2295 1411 2369 tenuit:

411 2419 526 2511 reduci
540 2440 619 2488 vero
634 2441 672 2487 ac
686 2418 896 2488 domicilium
913 2422 1061 2489 absentis
1069 2421 1154 2489 forte
1165 2420 1415 2509 Hypsicreontis

410 2565 470 2636 pro
498 2545 643 2634 hospitio
676 2546 839 2635 repetenti
866 2546 994 2635 aperuit
1014 2546 1191 2615 libidinem
1214 2565 1322 2614 suam.
1349 2546 1412 2613 Ne-

307 2709 309 2714 *
410 2674 510 2760 gente
537 2669 606 2749 illo,
627 2690 665 2738 ac
694 2670 771 2758 jura
803 2668 981 2758 hospitalia
999 2669 1239 2759 pretendente,
1258 2669 1336 2737 dolo
1353 2688 1413 2736 usa

411 2802 473 2877 est,
488 2802 658 2885 noctuque
676 2796 710 2862 in
731 2795 927 2863 cubiculum
951 2794 1149 2863 dormientis
1166 2795 1317 2885 irrepens
1339 2815 1411 2862 mo-

409 2922 551 2990 destiam
572 2942 610 2990 ac
637 2923 796 2996 uirtutem
813 2923 885 3011 ejus
900 2922 1068 2990 illecebris
1084 2943 1122 2990 ac
1136 2922 1238 2989 minis
1261 2921 1410 3010 pervicit.

409 3046 507 3114 Haud
525 3048 730 3136 exspectavit
753 3047 823 3115 laesi
849 3047 948 3115 amici
983 3048 1198 3136 praesentiam
1222 3046 1359 3123 Naxius,
1380 3051 1413 3112 et

408 3171 537 3261 pudore
564 3172 714 3241 suffusus
742 3175 777 3238 in
795 3173 936 3262 patriam
965 3170 1149 3241 confestim
1170 3171 1279 3240 rediit.
1300 3173 1412 3239 Neaera

408 3316 587 3385 ueroque
602 3302 711 3365 amato
733 3316 846 3366 carere
870 3315 938 3361 non
954 3301 1095 3390 poterat,
1117 3295 1216 3384 paulo
1237 3300 1314 3383 post
1328 3294 1410 3363 clam

407 3442 426 3490 e
455 3421 556 3489 domo
584 3421 737 3511 conjugis
774 3422 891 3487 Naxon
928 3419 1069 3508 aufugit.
1108 3420 1188 3486 Eam
1225 3416 1410 3485 Promedon

406 3543 710 3633 Vestaesupplicem
721 3543 756 3609 in
775 3542 902 3631 templo
920 3542 1107 3610 collocavit.
1121 3540 1236 3609 Marito
1249 3538 1409 3629 repetenti

406 3690 547 3738 uxorem
566 3666 708 3736 reddere
731 3667 829 3734 Naxii
853 3669 1104 3745 recusaverunt,
1131 3666 1196 3731 nisi
1214 3685 1275 3731 sua
1294 3668 1410 3752 sponte

404 3793 560 3862 relictum
575 3793 763 3861 thalamum
779 3793 853 3880 ipsa
874 3795 1073 3880 reposceret.
1096 3789 1178 3857 lude
1199 3808 1269 3855 non
1292 3786 1409 3876 Hypsi-

439 3995 478 4066 (l)
491 3996 613 4060 Heron„
627 3996 676 4061 lll,
688 3996 732 4051 57.

440 4086 478 4157 (2)
498 4079 1065 4157 1111111111,Ναξιακά.-Ρ1111.,Ι)111“νε
1088 4083 1172 4147 mat,
1190 4078 1403 4160 lissolmxpiro.

288 4227 299 4246 ,
404 4171 1085 4238 -Psurunu.‚Hist.limandis-Pomm,
1106 4169 1371 4238 Stratap.,v1r,26.
1416 4201 1419 4208 -
