3159 5150
596 517 753 572 -113-

175 664 265 728 teres
280 659 324 740 (¹),
347 659 394 727 ibi
405 665 549 728 mortem
562 664 754 749 exspectare
765 661 883 750 jussus
894 665 974 739 crat,
989 659 1050 728 sed
1060 660 1175 728 minis

176 782 237 849 tris
251 781 387 850 sceleris
404 782 527 871 longus
541 781 670 877 itineris
685 781 779 850 visus
808 781 913 861 labor,
935 780 1176 870 jugulatusque

177 905 220 973 ad
240 906 367 974 Ostiam
383 911 444 974 est.

222 1031 268 1098 Ec
288 1030 358 1098 fere
377 1036 528 1121 tempore
547 1030 872 1118 Christianarcligio
897 1024 1176 1098 creditur'Naxcn

178 1153 317 1223 advecta
331 1153 373 1234 (ἲ),
390 1175 496 1243 quum
511 1161 646 1224 sanctus
656 1156 672 1222 J
676 1154 838 1234 ohannes,
856 1154 986 1222 Pathmi
1004 1155 1173 1233 exsulans

177 1299 285 1346 unum
303 1299 322 1346 e
341 1277 513 1368 discipulis
533 1279 604 1346 suis
617 1277 722 1347 fidem
740 1298 863 1346 novam
878 1278 913 1344 in
927 1297 1002 1346 eam
1016 1278 1173 1357 insulam,

177 1403 273 1491 cujus
287 1402 509 1491 prospiciebat
523 1378 674 1470 excelsos
692 1408 838 1482 montes
851 1402 999 1470 laturum
1016 1403 1173 1470 misisset.

177 1525 400 1609 Quamobrem
426 1527 499 1616 ejus
529 1526 692 1594 memoria
715 1546 849 1594 summo
877 1525 968 1615 apud
994 1526 1120 1594 incolas
1142 1526 1176 1591 in

177 1652 305 1720 honore
318 1658 380 1732 est,
396 1652 577 1741 multaeque
595 1653 754 1734 ecclesiae,
772 1652 880 1721 multa
897 1653 1099 1721 monasteria
1118 1673 1177 1720 no

177 1796 256 1845 men
271 1778 344 1867 ejus
359 1776 606 1867 praeseferunt.
623 1777 787 1855 Quoniam
801 1782 913 1847 autem
927 1778 1044 1867 procul
1058 1779 1174 1857 Roma,

176 1901 293 1991 procul
307 1901 408 1969 etiam
418 1901 629 1991 protmcialis
636 1901 780 1992 praefecti
793 1901 873 1970 sede
887 1901 1056 1970 distabant
1068 1901 1174 1981 Naxii,

176 2025 302 2126 primis¹
328 2026 536 2114 temporibus
564 2026 775 2096 mediocriter
797 2032 928 2095 tantum
950 2026 1061 2095 vexati
1083 2031 1174 2104 sunt,

177 2170 287 2239 neque
316 2150 419 2218 ullius
439 2151 530 2241 apud
544 2172 602 2220 ecs
616 2124 773 2239 martyris
791 2157 849 2220 aut
875 2151 955 2219 fidei
976 2151 1177 2219 confessoris

177 2296 301 2344 nomen
320 2275 362 2343 ad
377 2296 440 2344 nos
458 2277 621 2367 pervenit.
1039 2276 1045 2287 ’

221 2399 298 2467 Post
316 2419 452 2468 auream
469 2399 563 2467 illam
587 2400 651 2468 sub
669 2401 848 2469 Antoninis
865 2405 998 2469 aetatem
1014 2399 1173 2487 (ee-193),

177 2527 226 2590 tot
238 2522 412 2612 procellas,
428 2523 552 2612 quibus
565 2528 655 2593 totus
675 2525 765 2593 orbis
779 2530 970 2594 commotus
984 2528 1046 2603 cst,
1066 2524 1177 2591 Naxos

178 2668 351 2735 nunquam
371 2647 566 2717 obsistendo
587 2649 751 2730 toleravit,
768 2669 885 2717 earum
905 2648 1049 2716 fortunae
1067 2653 1176 2715 muta-

179 2774 321 2854 tionum,
348 2773 472 2862 quibus
503 2774 559 2842 alii
588 2794 689 2864 super
714 2774 799 2842 alios
826 2774 1043 2862 imperatores
1072 2791 1176 2860 regno

179 2895 430 2986 dejiciebantur,
467 2916 547 2966 sane
573 2897 752 2964 incuriosa.
780 2896 844 2965 Sed
873 2901 945 2963 tum
973 2895 1176 2963 securiorem

175 3019 291 3109 ‘piratis
319 3019 518 3089 crediderim
544 3020 650 3089 fuisse
675 3019 855 3110 praedandi'
869 3019 1049 3099 licentiam,
1070 3038 1177 3107 quum

178 3146 271 3214 nulla
290 3148 361 3236 jam
376 3147 511 3236 publica
526 3148 578 3216 vis
592 3147 688 3229 foret,
705 3168 816 3237 neque
836 3147 945 3216 ullum
963 3168 983 3215 a
997 3147 1178 3215 Caesaribus

178 3270 349 3358 Romaque
382 3271 566 3361 exspectari
591 3276 706 3360 posset
730 3266 1075 3359 subsidium.‘ltaque,
1105 3275 1179 3336 uta
1282 3351 1285 3355 ¹

179 3392 305 3461 ditione
314 3392 533 3462 barbarorum
543 3416 603 3486 pcr
613 3396 725 3486 ipsum
739 3397 842 3464 situm
855 3402 888 3464 et
898 3396 1000 3463 maris
1007 3395 1178 3483 interjecto

177 3518 283 3606 spatio
299 3523 379 3586 tuta
395 3517 543 3600 fuerunt,
565 3520 613 3587 sic
637 3519 733 3608 quasi
751 3519 943 3610 propositus
963 3518 1115 3586 omnium
1129 3520 1178 3585 in·

177 3642 389 3711 cursionibus
418 3663 556 3733 campus
584 3649 740 3734 patuere;
770 3644 973 3733 saevitiaeque
1001 3643 1177 3712 hominum

177 3771 271 3835 tcrrae
300 3772 426 3846 motus,
456 3767 575 3847 fames,
602 3771 714 3858 pestes
735 3767 901 3857 adjunctae
925 3773 1015 3848 sunt,
1032 3774 1070 3835 ut
1092 3767 1178 3834 nihil
1226 3807 1229 3813 ·

213 3970 250 4042 (l)
262 3968 369 4036 Tuom,
384 3971 540 4037 Ann.,xv1‚
554 3972 581 4025 9.
596 3970 712 4036 Silanus,
725 3975 856 4041 tanquam
871 3971 978 4025 Naxum
991 3970 1176 4034 deveheretur,

177 4058 405 4113 Ostiemamotus.

203 4146 249 4217 (2)
264 4147 392 4212 Lronrnn,
403 4146 483 4201 Noui
495 4148 586 4201 deser.

1101 4251 1110 4286 s
