3159 5150
639 574 777 629 -75-

209 718 242 783 in
261 715 385 795 Asiam,
400 716 581 803 navigavit,
599 715 658 783 nbi
669 735 832 805 magnum
846 716 911 782 sibi
926 715 1084 784 conflavit
1102 715 1209 804 impe-

208 843 308 908 rium.
341 844 457 940 Naxon
487 863 567 910 vero
599 843 718 911 urbem
750 842 857 911 relicti
894 843 929 908 in
966 841 1077 908 insula
1107 841 1209 909 Ache-

206 965 342 1034 nienses
360 965 552 1046 condidere,
563 987 636 1055 quae
654 987 734 1033 mox
753 966 991 1034 florentissima
1006 964 1122 1034 evasit.

251 1089 377 1157 Eodem
400 1095 563 1179 tempore,
593 1089 752 1178 Cyclades
776 1091 957 1180 pleraque,
987 1091 1055 1157 imo
1075 1109 1206 1167 omnes,

206 1234 315 1283 novos
331 1222 532 1303 acceperunt
551 1215 689 1284 incolas.
715 1216 779 1284 Ubi
806 1236 887 1285 vero
916 1214 1054 1284 sedibus
1069 1215 1140 1282 suis
1160 1212 1208 1280 illi

208 1343 498 1424 tuto'insederont,
511 1342 623 1411 foedus
632 1344 720 1412 inter
730 1345 915 1433 sejungere
925 1347 1109 1432 coeperunt,
1117 1360 1207 1409 rem·
1263 1370 1266 1376 Α

204 1487 271 1555 que
290 1467 460 1556 publicam
470 1469 623 1535 omnium
637 1489 854 1537 communem
865 1468 1080 1537 constituere.
1094 1467 1205 1536 Delos,

204 1604 280 1671 quac
299 1604 318 1650 a
336 1584 499 1673 principio
519 1586 728 1652 sanctissima
744 1584 859 1666 habita
873 1589 954 1663 erat,
972 1588 1071 1672 caput
1084 1581 1206 1650 funda-

204 1713 424 1797 mentumque
439 1709 606 1777 societatis
623 1708 697 1775 fuit
715 1710 789 1776 lam
816 1708 908 1776 enim
926 1713 1003 1776 ante
1026 1707 1208 1794 Trojanum

203 1833 606 1923 bellum‚antiquissimus
616 1835 962 1913 illeAthcnarumrerr,
971 1833 1204 1922 Erysichthon,

203 1957 283 2025 inde
298 1962 441 2026 statuam
457 1959 608 2046 Elithyae,
621 1958 879 2048 partupientium
896 1957 1099 2028 feminarum
1113 1956 1207 2047 adju-

202 2086 589 2167 tricis,arcessivcrat(¹l‚
616 2107 794 2176 sacrasque
816 2087 997 2175 quotannis
1020 2087 1207 2154 instituerat

202 2233 355 2301 pompas,
378 2233 454 2301 quae
472 2234 492 2281 a
513 2213 645 2292 Prasiis,
667 2214 773 2281 Attico
793 2218 903 2302 portu,
921 2212 1026 2282 Delon
1047 2212 1203 2289 devectae,

164 2403 167 2407 ,
200 2343 341 2427 patrono
360 2337 481 2405 lonicae
508 2339 618 2426 gentis
642 2339 720 2418 Deo,
745 2337 903 2426 Apollini,
927 2341 1004 2405 vota
1022 2356 1206 2425 precesque

199 2462 457 2530 Atheniensium
473 2461 670 2550 perferrent.
691 2460 876 2529 Duodecim
892 2459 1078 2528 civitatest)
1098 2459 1205 2528 foedc-

199 2587 246 2654 ris
263 2588 452 2678 participes,
470 2609 564 2656 sacro
589 2587 647 2655 illo
672 2586 850 2656 observato
872 2607 1026 2666 numero,
1048 2607 1149 2675 quem
1173 2593 1206 2656 et
1262 2639 1264 2644 ,
1362 2681 1366 2692 Ι

199 2713 233 2778 in
250 2712 326 2780 Asia
336 2717 370 2780 et
381 2712 415 2778 in
424 2693 750 2801 Europajungendis
765 2712 933 2780 societatis
947 2712 1204 2800 qualiscumque

197 2835 488 2915 vinculisvctcres
502 2837 599 2924 quasi
607 2856 738 2904 sacrum
747 2836 1034 2905 habuere.Priscis
1049 2837 1129 2905 enin
1138 2837 1205 2904 illis

196 2952 417 3043 temporibus,
434 2929 597 3042 religione
612 2953 725 3040 potius
743 2973 846 3041 quam
870 2953 1026 3025 civilibus
1041 2953 1204 3021 institutis

191 3076 459 3144 conciliabantur
477 3078 564 3145 inter
588 3098 624 3145 se
649 3078 770 3147 Graecae
792 3079 954 3147 civitates.
975 3081 1060 3147 Ante
1076 3079 1202 3150 utilita-

196 3208 276 3280 tem,
298 3206 374 3270 ante
388 3202 503 3290 patriae
523 3222 674 3270 amorem
697 3203 803 3272 valuit
819 3204 949 3291 religio.
981 3203 1092 3279 Quum
1119 3203 1201 3271 urbs
1281 3247 1285 3252 -

196 3346 336 3414 quaeque
358 3326 546 3394 vicinarum
565 3326 698 3406 aemula,
723 3327 791 3396 imo
806 3326 932 3408 invida,
951 3327 1005 3396 vel
1025 3348 1082 3396 eas
1101 3329 1203 3396 servi-

194 3455 242 3522 tio
261 3455 449 3543 opprimere
465 3459 617 3534 tentaret,
642 3457 696 3523 vel
726 3456 798 3545 ipsa
813 3462 1033 3545 premeretur,
1057 3455 1202 3524 assiduis

194 3578 357 3670 bellis,in
380 3600 455 3667 quae
476 3585 509 3648 et
528 3580 593 3668 ipsi
612 3581 746 3650 Barbari
761 3582 864 3671 hujus
881 3583 936 3650 vel
959 3582 1052 3649 illius
1075 3582 1201 3650 auxilio

192 3702 457 3792 appellabantur,
480 3710 600 3773 vexata
618 3705 681 3773 fuit
700 3707 835 3787 Graecia,
865 3727 998 3798 semper
1013 3708 1049 3773 in
1068 3728 1197 3787 cruore,

193 3823 328 3915 semper
341 3827 375 3894 in
390 3828 493 3908 luctu,
511 3830 566 3897 vel
581 3851 688 3917 quum
701 3837 791 3899 esset
805 3832 1056 3900 florentissima.
1073 3833 1199 3900 Tamen

193 3951 281 4059 inter
304 3950 379 4019 illas
407 3952 646 4022 infensissimis
669 3956 790 4023 animis
812 3956 991 4045 productas
1017 3957 1200 4028 discordias

229 4146 267 4214 tl)
280 4146 445 4210 Pousunms,
457 4150 477 4214 l,
497 4148 760 4219 13.-Acnonnns,
775 4170 813 4218 rx,
829 4172 855 4224 p.
871 4152 933 4208 392.

230 4234 268 4305 (2)
281 4234 418 4305 miron,
436 4238 472 4304 X,
486 4238 512 4292 5.
671 4229 682 4284 ἶ
