3159 5150
606 601 746 657 „51-

212 745 377 812 Marmora
389 744 492 824 varia,
510 742 760 833 candidumque
779 744 815 810 in
834 744 952 833 primis
972 749 1006 812 et
1025 744 1172 833 ophites,

169 867 468 950 abundantissima,
486 869 684 957 eximiaeque
698 867 882 956 qualitatis,
906 867 951 935 ita
971 872 1008 935 ut
1032 868 1175 936 Naxium

60 1072 64 1077 Ι
111 994 115 1004 ’
171 992 226 1061 vel
245 992 340 1060 Pario
359 992 619 1082 preferendum,
632 991 661 1059 si
674 991 757 1079 quid
772 991 964 1060 colosseum
980 992 1177 1080 exsculpere

171 1116 273 1196 velis;
296 1115 357 1185 sed
381 1115 558 1185 deficiente
583 1116 738 1206 pecunia,
761 1115 996 1184 deficientibus
1015 1116 1090 1196 viis,
1108 1135 1177 1183 non

170 1238 386 1309 effodiuntur.
404 1241 429 1307 E
450 1245 546 1308 terrae
567 1240 755 1309 visceribus
775 1244 889 1308 tamen
904 1240 1101 1319 extrahitur,
1118 1239 1178 1327 qui

171 1364 260 1432 inter
279 1365 444 1432 maximas
458 1365 579 1432 insulae
593 1384 675 1453 opes
694 1370 903 1445 numeratur,
925 1364 1011 1453 lapis
1025 1364 1175 1452 quidam,

172 1488 326 1577 subnigri
345 1488 478 1569 coloris,
506 1508 609 1577 quem
626 1494 728 1555 emcrt
748 1487 875 1567 dicunt,
905 1487 948 1557 ad
966 1489 1077 1557 varios
1095 1509 1179 1556 usus

173 1616 282 1701 aptus.
304 1611 414 1680 Facile
438 1613 530 1681 enim
558 1632 577 1680 c
597 1613 766 1680 montium
788 1611 950 1681 lateribus
978 1613 1117 1693 emitur,
1144 1612 1179 1678 in
1239 1608 1243 1614 ’

174 1721 358 1825 superficie
366 1737 507 1825 positus.
525 1737 588 1804 Hic
602 1741 635 1804 et
648 1738 720 1806 vice
732 1738 816 1805 cotis
832 1742 968 1805 acutum
988 1736 1098 1804 reddit
1111 1735 1178 1805 fer·
1256 1831 1258 1834 y

174 1882 262 1941 rum,
282 1867 326 1941 et,
348 1863 382 1928 in
402 1861 578 1951 pulverem
597 1862 759 1939 effriatus
778 1861 988 1952 expoliendis
1003 1862 1179 1930 marmori-

175 1985 239 2053 bus
267 1992 300 2055 et
323 1986 467 2075 gemmis
493 1985 685 2055 adhibetur.
716 1986 896 2056 Addebant
919 1987 1022 2057 etiam
1036 1991 1181 2055 veteres
1226 2043 1229 2053 .

174 2110 376 2179 medicalem
393 2110 474 2178 huic
493 2130 568 2179 esse
587 2104 778 2191 utilitatem,
797 2117 928 2180 etcum
951 2116 1032 2200 potu
1050 2111 1086 2178 in
1106 2131 1180 2178 cor-

175 2254 257 2323 pora
277 2234 477 2313 admissum,
499 2234 623 2323 puellis
642 2237 823 2324 puerisque
839 2237 1049 2325 pubertatem
1064 2256 1181 2325 proro-

176 2379 256 2448 gare
271 2357 321 2425 (¹).
347 2360 438 2428 Inter
456 2359 627 2448 operarios
654 2360 796 2449 lapides,
822 2359 977 2428 secandis
995 2359 1181 2448 poliendis-

176 2503 243 2572 que
253 2483 397 2572 gemmis
413 2482 564 2563 idoneos,
576 2484 702 2552 Naxius
718 2484 855 2565 eminet,
869 2489 902 2551 et
915 2482 1083 2572 quidquid
1096 2504 1181 2572 quo-

176 2609 289 2677 tannis
319 2629 361 2678 ex
392 2609 511 2677 insulae
544 2605 735 2699 lapicidinis
763 2609 932 2693 effoditur,
963 2609 999 2675 in
1027 2608 1183 2697 Angliam

176 2738 323 2813 vectum,
345 2731 424 2803 inde
455 2733 490 2800 in
512 2738 617 2801 totam
642 2735 808 2822 Europam
824 2732 1038 2823 dispergitur.
1057 2733 1182 2821 Vulga-

177 2864 252 2926 tnm
267 2863 338 2927 erat
351 2857 442 2947 apud
460 2865 603 2937 veteres,
621 2862 659 2925 ut
679 2882 696 2919 «
714 2859 891 2925 Naxium»
909 2879 970 2946 pro
988 2877 1089 2926 arena
1107 2877 1185 2946 ope

177 2983 276 3063 raria,
295 3008 312 3044 «
331 2983 454 3051 Naxios
481 2981 645 3071 lapides»
666 3003 727 3073 pro
754 2981 886 3049 cotibus
904 2987 1115 3071 usurparent.
1133 2981 1186 3049 Sic

178 3107 342 3176 Pindarus
352 3106 399 3187 (²),
425 3107 519 3175 illam
539 3128 777 3197 praeoccupans
805 3106 1062 3175 similitudinem
1082 3126 1184 3195 quam

180 3232 221 3301 de
237 3252 273 3301 se
288 3237 404 3321 postea
423 3232 606 3299 Horatius:
650 3309 652 3315 ¹

290 3434 381 3509 Φίαης
394 3434 428 3494 κέ
446 3453 484 3493 νιν
499 3432 624 3514 ἀνδράσιν
638 3432 800 3509 ἀθληταῖσιν
813 3433 899 3511 ἔμμεν

290 3544 391 3623 Ναξίαν
410 3551 522 3629 πέτραις
540 3548 569 3609 ἐν
583 3547 686 3619 ἄλλαις
699 3540 912 3628 χαλκοδάμαντ’
930 3547 1042 3610 ἀκόναν.

181 3738 309 3807 Plinius
322 3738 354 3792 (³)
375 3737 418 3806 de
442 3739 589 3828 operaris
617 3736 786 3826 lapidibus
815 3736 1014 3805 disserens:
1038 3763 1055 3799 «
1080 3737 1186 3826 signis

181 3884 200 3931 e
228 3883 395 3931 marmore
420 3861 589 3952 poliendis
603 3862 816 3950 gemmisque
831 3862 932 3929 etiam
951 3861 1140 3950 scalpendis
1154 3867 1187 3928 et

202 4029 256 4149 tl)
270 4076 398 4142 Granum,
414 4091 463 4142 ιιι,
478 4093 505 4146 p.
521 4074 584 4141 206,
597 4075 639 4129 ed.
656 4074 748 4132 Kuhn.

218 4164 257 4235 (2)
271 4164 355 4227 lat,
369 4180 407 4231 vr,
425 4163 484 4219 104.

218 4251 255 4325 (3)
274 4250 311 4306 H.
322 4252 517 4339 N.‚xxxv1‚9‚
530 4251 572 4318 10,
587 4252 631 4318 473
646 4266 732 4323 xxvix,
747 4250 791 4304 32.
