3159 5150
834 592 990 648 ..100-

411 753 529 800 omnes
544 732 684 821 subjecti
698 734 815 822 populi
834 734 995 813 ferebant,
1014 754 1159 822 quorum
1174 733 1223 799 ira
1236 731 1411 820 impotenti

411 857 602 946 reipublicae
620 858 760 946 imperio
784 857 946 937 alebatur,
977 858 1050 946 ipso
1078 855 1320 944 magnitudinis
1339 855 1410 942 ejus

409 978 442 1042 et
460 973 597 1040 illorum
610 971 773 1040 festorum
795 972 985 1061 spectaculo
1006 973 1154 1050 incensa,
1181 971 1217 1037 in
1240 990 1321 1057 quae-
1335 968 1409 1035 the-

409 1097 498 1165 sauri
519 1097 708 1163 eommunis
736 1096 1173 1186 pecunia'profundebatur.
1204 1095 1318 1181 ltaque
1347 1093 1409 1178 By-

408 1221 567 1301 nentium,
585 1221 779 1308 Samosque,
798 1243 904 1309 quum
923 1220 1189 1299 rebellavissent,
1212 1236 1410 1305 compressa

333 1358 336 1362 ’
409 1345 561 1433 quidem,
577 1344 637 1412 sed
660 1366 729 1412 non
745 1346 818 1441 sine
834 1347 985 1435 impensa
1005 1350 1063 1426 aut
1078 1343 1253 1432 sanguine,
1269 1346 1302 1409 et
1322 1344 1410 1407 atro-

409 1471 496 1537 ciore
511 1489 629 1537 eorum
642 1489 742 1558 prena
751 1469 856 1536 animi
870 1469 969 1538 altius
984 1469 1084 1537 etiam
1094 1467 1225 1547 irritati,
1237 1471 1276 1533 ut
1289 1465 1318 1532 si
1330 1462 1411 1551 quid

409 1587 522 1679 minus
545 1605 703 1680 prospere
728 1586 870 1653 Athenis
900 1585 1087 1664 accidisset,
1114 1587 1273 1672 eruptura
1300 1580 1411 1648 omnia

333 1702 335 1707 ’
409 1711 485 1779 odia
504 1711 708 1779 viderentur.
722 1711 969 1778 Firmissimum
983 1709 1246 1778 Atheniensibus
1261 1706 1411 1774 domina-

407 1836 508 1903 tionis
521 1856 597 1903 ‘suae
618 1834 808 1902 subsidium
828 1842 898 1903 erat
917 1836 952 1901 in
971 1839 1131 1923 perpetua
1150 1832 1336 1920 locupletes
1359 1830 1409 1895 in-

331 1934 336 1947 ·
409 1964 459 2029 ter
477 1964 511 2027 et
529 1979 692 2048 pauperes
711 1959 888 2039 discordia,
913 1966 946 2028 et
972 1960 1007 2026 in
1034 1958 1142 2047 plebis
1170 1955 1407 2023 dominatione.

409 2085 472 2154 Ubi
485 2106 564 2154 vero
579 2085 709 2153 bellum
727 2085 1050 2174 Peloponnesiacum
1072 2103 1251 2151 accensum
1270 2086 1332 2160 est,
1351 2102 1410 2169 op-

409 2197 608 2288 timatesut
628 2208 686 2296 qui
708 2208 1038 2302 Lacedaemoniorum
1063 2207 1225 2275 auxilium
1243 2207 1313 2295 jam
1335 2225 1410 2293 spe-

409 2338 520 2400 rarent
535 2332 579 2412 (¹),
601 2353 655 2400 res
676 2332 810 2400 turbere
829 2338 1015 2421 coeperunt,
1045 2330 1247 2418 adductique
1270 2329 1304 2395 in
1323 2329 1410 2417 peri-

409 2455 525 2524 culum
544 2460 577 2523 et
593 2456 629 2522 in
643 2476 720 2523 eam
743 2457 977 2523 necessitatem
996 2454 1219 2522 Athenienses
1237 2459 1274 2519 ut
1287 2458 1410 2519 terrore

409 2586 443 2649 et
457 2582 553 2652 novis
579 2581 719 2647 coloniis
736 2586 936 2669 potestatem
951 2600 1047 2647 suam
1066 2580 1314 2656 confirmarent,
1337 2577 1409 2645 effi·

408 2710 587 2791 carentque
614 2710 652 2770 ut
683 2706 805 2784 Naxos,
836 2703 980 2783 Andros,
1007 2704 1101 2782 Ceos,
1121 2703 1240 2781 Tenos
1268 2699 1409 2788 receptis

387 2859 392 2868 ·
409 2828 530 2896 iterum
544 2848 585 2896 ex
599 2828 705 2895 Attica
717 2828 857 2908 colonis,
879 2833 956 2895 totae
974 2828 1045 2916 jam
1060 2847 1129 2894 suae
1147 2827 1277 2930 fierent,
1299 2824 1409 2892 urbis·
1508 2831 1512 2840 '

280 2929 284 2942 ⁴
302 3038 304 3042 y
407 2921 473 3039 que
487 2951 655 3018 fortunam
671 2950 829 3039 deinceps
843 2951 1172 3039 sequerentur.·Quae
1184 2948 1318 3017 vincula
1332 2968 1407 3036 par,

408 3096 483 3164 quea
510 3076 611 3144 Niciae
636 3072 759 3143 dicitur
779 3077 879 3163 (421),
899 3067 999 3144 etiam
1026 3076 1164 3144 arctiora
1189 3067 1409 3154 1111111111-

408 3199 532 3266 territis
560 3198 794 3266 crudelissima
822 3199 999 3266 Meliorem
1028 3219 1128 3288 poena
1152 3196 1181 3251 13)
1197 3196 1318 3264 insulis
1337 3216 1410 3284 quae

407 3325 529 3412 jugum
549 3329 707 3390 excutere
731 3324 947 3412 cupivissent.
966 3324 1131 3411 Imperata
1155 3321 1276 3389 dehinc
1294 3321 1329 3386 in
1351 3319 1409 3385 tri-

311 3440 314 3444 ’
407 3446 539 3526 butum,
553 3468 621 3514 non
628 3448 699 3536 jam
708 3452 875 3526 sexcenta,
893 3446 953 3514 sed
965 3446 1108 3514 ducenta
1122 3450 1155 3512 et
1165 3444 1259 3512 mille
1273 3443 1407 3521 talenta,

350 3546 352 3549 ’
407 3591 482 3657 quae
499 3572 639 3660 pecunia
653 3570 883 3639 infelicissimo
900 3571 1018 3637 Siciliae
1033 3570 1122 3637 bello
1138 3576 1337 3656 consumpta
1347 3571 1406 3635 est.

444 3795 480 3865 (l)
494 3795 630 3860 Teucro,
647 3794 740 3857 11,57.
759 3793 798 3845 De
816 3791 954 3862 Corcyreis
966 3793 1135 3846 factionibus.

442 3883 480 3953 (l)
496 3886 644 3942 Aunocrn.,
660 3883 706 3947 lll,
721 3882 749 3945 9,
764 3882 798 3934 ab
813 3880 951 3946 AEscnru.,
972 3881 1005 3943 ll,
1024 3880 1082 3942 125,
1099 3881 1207 3943 citatus,
1226 3897 1309 3952 quum
1321 3899 1410 3952 pacem

407 3973 616 4025 Atheniensibus
631 3972 765 4035 suaderet,
781 3975 920 4022 enumerat
931 3974 1031 4040 quanta
1044 3987 1077 4022 ex
1089 3969 1173 4022 Niciae
1184 3987 1248 4040 pace
1260 3971 1409 4024 commoda:

406 4058 488 4124 7‚000
514 4059 625 4122 talenta,
652 4056 704 4110 300
717 4075 818 4123 naveS,
840 4056 924 4120 Aaou
937 4057 1038 4110 talenta
1061 4057 1192 4118 renditus‚
1217 4043 1407 4120 Chersonesum

406 4146 510 4213 Naxon,
522 4147 588 4199 duas
603 4146 711 4199 Euboeae
725 4150 826 4215 partes,
839 4145 960 4214 aliasque
973 4145 1084 4197 insulas.

342 4252 344 4256 ’
442 4235 480 4305 (2)
493 4234 628 4300 Teucro,
642 4250 669 4296 v,
684 4235 728 4288 89.
744 4233 887 4288 Mallorum
900 4249 990 4302 poena.
