3159 5150
785 569 924 625 -32-

278 808 281 813 Ι
355 709 537 789 ancarum
552 711 797 779 vastationibus
811 713 907 799 quasi
922 734 1060 802 campus
1072 716 1216 803 patuerit
1222 739 1230 794 ;
1248 736 1359 805 neque

355 854 396 903 ex
407 835 507 922 longo
518 840 669 925 tempore
681 841 752 904 tuta
762 837 805 904 sit
812 838 991 926 navigatio,
1006 838 1160 906 nondum
1171 842 1206 907 in
1220 842 1359 930 planum

354 956 603 1027 descenderunt
614 960 917 1050 urbespaucaeque
931 962 1115 1031 admodum
1130 986 1200 1032 non
1214 966 1359 1054 priscam

295 1065 296 1068 ¹
354 1083 521 1151 montium
536 1084 748 1152 securitatem
762 1085 942 1154 retinuere.

398 1209 445 1274 Ex
465 1209 549 1275 mari
569 1209 673 1306 igitur
690 1208 734 1276 ad
751 1212 883 1277 Naxum
909 1210 1081 1279 accedenti
1102 1220 1262 1303 apparent
1279 1233 1358 1280 oan-

354 1332 440 1401 didae
453 1332 542 1401 aedes
556 1333 645 1413 colli,
663 1334 760 1421 quasi
772 1334 893 1401 theatri
908 1333 1079 1421 gradibus
1094 1337 1269 1426 impositae,
1286 1356 1360 1424 qna

354 1458 481 1525 sensim
494 1478 536 1526 ex
558 1458 670 1526 littore
686 1458 727 1525 ad
747 1478 859 1526 arcem
874 1479 1044 1526 summam
1064 1465 1257 1548 assurgunt,
1277 1459 1360 1527 dum

241 1678 244 1687 ι
353 1585 454 1670 longe
468 1582 636 1650 montium
652 1587 789 1662 tractus
811 1583 912 1650 variis
938 1583 1127 1650 culminum
1152 1584 1282 1664 formis,
1299 1606 1360 1650 nn-

353 1710 456 1798 dique
466 1715 681 1799 prospectum
697 1708 834 1777 claudit.
857 1709 920 1777 Ubi
944 1710 1078 1777 veroin
1102 1712 1227 1778 molem
1243 1717 1360 1799 portus

354 1836 526 1925 expositus
540 1835 763 1923 fueri5,quam
777 1834 879 1902 fallax
891 1832 1100 1902 sit'omnium
1111 1837 1144 1902 in
1157 1836 1199 1902 iis
1212 1836 1359 1923 regioni-

354 1961 418 2028 bus
433 1960 569 2027 urbium
587 1961 716 2048 species
736 1960 848 2027 statim
865 1960 1047 2049 experieris
1065 1959 1105 2025 (tt,
1129 1961 1192 2027 Pro
1206 1960 1283 2037 viis,
1301 1979 1359 2026 ex-

354 2064 478 2172 cipient
491 2089 524 2152 te
539 2085 647 2172 longae
661 2089 880 2172 angustaeque
904 2082 1029 2161 fauces,
1048 2083 1194 2151 sinuosis
1216 2084 1361 2151 flexibus

286 2238 288 2244 ·
354 2216 538 2301 serpentes,
560 2232 696 2301 asperae,
714 2211 813 2279 scalis
839 2229 928 2299 saepe
959 2209 1161 2298 interruptae,
1192 2208 1358 2296 squalore,

355 2313 555 2406 humoribus
576 2336 722 2425 repletae,
748 2356 833 2423 quas
855 2354 1029 2422 nunquam
1049 2334 1100 2400 sol
1121 2333 1249 2421 aspicit.
1271 2335 1362 2421 Saepe

355 2464 540 2532 fornicibus
566 2463 719 2531 obscuris
739 2460 968 2540 subeundum,
987 2480 1075 2547 saepe
1089 2459 1220 2528 vitandi
1239 2480 1361 2527 canum

356 2611 499 2660 suumve
518 2591 553 2656 in
569 2591 641 2657 luto
661 2588 855 2657 ludentium
875 2607 1047 2666 occursus,
1073 2588 1126 2654 vel
1150 2586 1273 2654 aedium
1294 2607 1362 2674 prae

355 2722 519 2787 vetustate
545 2715 766 2783 dilabantium
796 2710 978 2780 metuenda
1009 2691 1117 2777 fuine.
1147 2710 1361 2799 Superiorem

355 2842 449 2910 urbis
474 2846 614 2929 partem,
646 2859 748 2927 quam
773 2828 897 2915 arcem,
928 2836 999 2902 sive
1026 2834 1207 2902 Castellum
1233 2833 1358 2911 dicunt,

356 2967 508 3034 incolunt
522 2965 725 3033 Venetarum
750 2960 954 3028 familiarum
982 2959 1148 3047 reliquiae;
1169 2959 1362 3027 inferiorem

355 3111 447 3170 vero,
468 3111 543 3177 quae
564 3088 646 3155 urbs
677 3089 718 3174 (ct
736 3095 834 3173 χωριό,
861 3094 880 3171 ἡ
903 3088 993 3173 pope)
1014 3085 1146 3174 proprie
1165 3088 1363 3162 vocatum-et

356 3215 555 3284 exteriorem
576 3211 800 3299 eamdemque
827 3211 1049 3279 recentiorem
1070 3211 1223 3297 (νεοχώριο)
1246 3208 1358 3276 Graeci.
1403 3180 1406 3186 ¹

357 3338 445 3404 Olim
454 3334 561 3402 muris
572 3334 760 3413 castellum,
776 3334 857 3401 urbs
865 3333 1035 3401 moenibus
1050 3332 1258 3420 cingebatur,
1267 3353 1360 3399 com-

357 3459 630 3550 primebaturque
646 3456 689 3524 (²).
707 3460 804 3525 Nunc
813 3457 921 3524 diruta
935 3476 974 3550 ea
988 3456 1113 3532 omnia,
1127 3461 1160 3522 et
1178 3453 1362 3522 hodiernus

357 3587 452 3652 vicus
470 3585 505 3650 in
521 3585 660 3672 planum
670 3583 776 3650 libere
791 3581 928 3650 extendi
939 3581 1056 3668 erepit.¹

402 3711 439 3775 ln
454 3697 588 3776 summo
599 3708 751 3787 Castello,
765 3706 868 3795 quod,
881 3713 919 3773 ut
932 3706 974 3772 ab
990 3707 1105 3782 altero,
1120 3708 1235 3796 hpano
1250 3708 1362 3773 Castro

356 3839 484 3914 vocato,
515 3834 771 3912 discerneretur,
809 3831 950 3899 inferius
979 3832 1065 3915 (κάτω
1091 3833 1203 3917 rampo)
1232 3829 1363 3897 diceba-

392 4038 430 4110 (l)
448 4027 568 4116 Ἰατρικὴ
582 4035 720 4116 ἐφημερίς.
738 4037 861 4100 Athenis,
875 4033 909 4087 28
921 4050 980 4087 nov.
1000 4024 1363 4113 1858.ἘκδρομὴείςΝάξον

357 4126 408 4186 ὑπὸ
422 4117 595 4204 hortantia.

394 4217 431 4291 (2)
444 4218 518 4271 szn
532 4231 568 4270 nn
582 4216 700 4281 Knmnn,
714 4233 742 4284 p.
757 4215 803 4269 59.
