3159 5150
808 586 970 650 amb-a

389 750 446 804 eos
470 754 555 824 quos
569 736 757 826 adjuvabat,
774 724 920 826 singulis
938 739 975 805 in
998 735 1198 821 civitatibus
1216 748 1388 828 tyrannos

388 860 458 929 sive
472 878 532 950 per
550 866 695 930 oratores
716 861 864 941 venales,
891 863 964 931 sive
982 882 1043 952 per
1064 864 1146 944 vim,
1164 865 1267 932 totius
1288 865 1392 932 maris
1491 898 1493 901 ·

387 986 566 1075 imperium
576 986 728 1076 adeptus,
742 987 930 1056 insularum
936 1006 1116 1056 commune
1130 988 1312 1056 concilium
1317 1009 1391 1056 sus-

272 1201 277 1211 ἱ
331 1115 334 1120 ’
356 1197 358 1200 y
386 1111 471 1201 tulit,
489 1116 588 1198 atque
603 1112 695 1178 omni
704 1111 872 1179 societatis
885 1112 1031 1199 antiqua
1050 1117 1083 1179 et
1102 1112 1266 1180 libertatis
1281 1113 1390 1202 specie

385 1231 728 1314 evanescenta,'nibil
755 1237 826 1324 J'am
851 1235 942 1302 aliud
967 1235 1149 1322 Cycladum
1176 1254 1301 1304 nomen
1327 1235 1391 1303 fuit

385 1361 637 1449 quamverbnm
656 1382 722 1449 quo
739 1362 904 1430 maritima
921 1361 978 1429 illa
996 1362 1115 1430 Graecae
1129 1354 1240 1450 gentis
1258 1380 1390 1451 posses-

385 1488 447 1567 sio,
471 1482 716 1576 designaretur.
769 1468 772 1475 Δ

429 1608 648 1683 Macedonum
680 1614 879 1696 dominatio
910 1634 986 1704 que
1015 1621 1123 1683 morte
1158 1613 1306 1703 Philippi
1336 1614 1389 1679 in-

385 1742 485 1830 fringi
499 1741 738 1829 aliquantisper
755 1742 836 1821 visa,
854 1741 948 1810 brevi
968 1735 1121 1809 restituta
1135 1743 1198 1819 est,
1216 1740 1389 1807 universa·

192 1886 196 1895 ’
334 1960 337 1966 ¹
384 1886 450 1955 qne
462 1867 598 1947 Graecia,
621 1867 650 1933 si
675 1866 945 1935 Lacedaemonios
971 1867 1129 1955 excipias,
1154 1865 1387 1934 Alexandrum

384 1993 419 2060 ln
454 1990 566 2059 Asiam
601 1994 805 2058 1111111111.
845 1993 1002 2059 Memnon
1040 1989 1191 2057 Rhodius
1204 1988 1250 2068 (¹),
1281 2008 1388 2076 quum

342 2204 344 2209 ‚
384 2116 506 2184 frustra
529 2116 609 2204 Regi
638 2136 676 2184 ea
705 2115 845 2183 consilia
873 2115 1069 2204 aperuisset,
1091 2113 1216 2201 quibus
1238 2113 1387 2201 impetus

380 2240 571 2332 juvenisci
585 2241 680 2309 initio
704 2240 913 2321 concidisset,
939 2241 973 2307 in
995 2241 1068 2330 ipso
1090 2243 1242 2328 tempore
1264 2238 1388 2327 agendi
1451 2319 1454 2324 Α

383 2366 535 2433 moritur.
559 2362 767 2445 Classis-illa,
783 2382 852 2453 qua
869 2365 998 2432 bellum
1021 2364 1055 2430 in
1081 2365 1247 2453 Europam
1262 2362 1385 2430 inferre

384 2490 530 2580 parabat,
546 2490 696 2580 spoliatis
709 2488 840 2569 insulis,
852 2494 890 2556 et.
899 2494 1035 2587 accepta
1047 2486 1138 2578 apud
1152 2486 1305 2576 Siphnon
1321 2486 1387 2553 cla-

266 2696 268 2702 .
385 2617 438 2696 de,
454 2617 661 2695 dissolvitur,
678 2622 712 2684 et
724 2620 802 2683 ante
816 2621 883 2683 tres
902 2631 1045 2682 annosa
1063 2612 1172 2680 Persis
1189 2611 1389 2680 transfertur

384 2741 427 2811 ad
443 2741 575 2810 Graecos
589 2741 674 2809 Asin
684 2740 876 2829 imperium.
895 2737 1011 2806 Interit
1021 2742 1136 2805 111111
1155 2737 1228 2826 ipse
1242 2738 1387 2812 Alexan-

383 2867 455 2946 der,
485 2865 682 2955 prinsquam
703 2864 858 2953 prodigia
883 2864 953 2943 illa,
984 2882 1060 2951 qna
1089 2862 1258 2950 Babylone
1284 2861 1386 2929 desti-

384 2974 530 3070 naverat,
551 2994 802 3077 exsequeretur,
834 2993 867 3055 et
892 2985 936 3054 de
969 2987 1093 3053 relictis
1109 2986 1145 3051 in
1167 2984 1388 3052 hereditatem

384 3111 426 3186 ab
452 3133 493 3183 eo
520 3112 633 3202 regnis
656 3113 743 3180 inter
761 3111 867 3179 duces
892 3116 925 3177 et
938 3112 1144 3199 propinquos
1159 3111 1233 3198 ejus
1259 3090 1387 3176 bellum

385 3245 575 3310 renovatur.

425 3366 598 3453 Cycladas,
633 3382 713 3431 cum
739 3365 867 3451 reliqna
900 3361 1036 3439 Graecia,
1073 3359 1246 3447 Antipater
1278 3360 1386 3445 primo

332 3501 334 3506 '
384 3491 528 3559 obtinuit
537 3485 720 3578 (ceneten
734 3509 773 3557 eo
788 3493 901 3557 antem
915 3493 1059 3564 mortno,
1073 3479 1274 3573 Lagidarum
1292 3482 1386 3549 lacte

383 3621 475 3694 sunt,
499 3616 587 3683 ultro
601 3588 805 3684 concedente
828 3605 895 3679 illis
911 3610 1107 3689 Cassandro,
1126 3608 1195 3674 filio
1210 3607 1385 3695 Antipatri,

386 3738 570 3807 dummodo
589 3735 763 3805 ambitioni
785 3753 854 3804 sne
867 3735 1028 3812 faverent,
1051 3739 1084 3801 11
1099 3733 1211 3824 ipsum
1227 3730 1388 3797 inlocum

386 3863 488 3952 patris
516 3860 659 3950 irrepere
692 3861 869 3930 conantem
896 3859 1104 3948 adjuvarent.
1142 3856 1389 3944 Aliquantlspcr

385 3988 511 4056 ablatas
533 3985 702 4072 (aea-301)
723 3985 788 4053 sibi
811 4006 831 4052 a
851 3984 1019 4052 Demetrio
1047 3982 1246 4062 Poliorcete,
1266 4000 1389 4078 rursus

423 4247 606 4319 (11111111,
626 4243 660 4305 11,
675 4242 702 4297 2.
