3159 5150
617 558 754 613 ..81-

186 702 329 770 creontis
344 701 458 781 modo,
482 700 543 770 sed
563 702 717 769 omnium
744 701 950 769 Milesiorum
968 699 1072 784 furor,
1094 701 1190 788 quasi

188 826 311 894 violato
323 826 475 915 gentium
481 827 569 914 jure,
582 825 778 914 bellumque
793 847 835 893 ex
846 830 997 914 tempore
1012 824 1187 892 indictum.

186 930 317 1028 Milesii,
336 955 504 1018 contracto
520 969 649 1037 suoque
669 955 703 1018 et
718 949 885 1018 sociorum
896 949 1055 1027 exercitu,
1072 951 1189 1017 Naxon

187 1075 359 1165 appulere,
390 1080 423 1143 et
445 1075 565 1143 urbem
598 1076 810 1143 resistentem
831 1074 1008 1142 obsidione
1040 1094 1192 1164 premere

185 1204 370 1288 coepernut.
403 1200 525 1279 Quum,
556 1220 654 1267 muro
686 1198 813 1266 circum
833 1203 1015 1277 exstructo,
1042 1199 1193 1287 proxima

185 1343 325 1411 quaeque
341 1343 419 1390 rura
437 1322 690 1412 popularentur,
711 1321 874 1412 oppidum
895 1320 1066 1409 quoddam
1081 1340 1190 1389 sacra-

187 1450 317 1517 riumve
337 1448 503 1549 Apollinis
522 1449 705 1528 munitum,
724 1449 779 1515 cui
798 1448 928 1516 Delium
943 1467 1080 1526 nomen,
1097 1447 1191 1536 expi-

186 1573 350 1643 laverunt.
369 1573 504 1654 Eorum,
517 1572 576 1660 qni
591 1572 708 1640 Delion
723 1575 1009 1660 expugnaverant,
1027 1570 1094 1637 dux
1110 1571 1191 1658 Ery·

109 1681 111 1685 ’
187 1696 310 1763 thraens
325 1694 464 1784 qnidam
479 1676 671 1785 Diognetus
684 1695 742 1782 qui
757 1695 845 1762 ultro
864 1715 938 1763 sese
954 1695 1101 1775 Milesiis,
1115 1714 1192 1761 cum

186 1817 352 1886 conducta
378 1838 419 1886 ex
442 1839 505 1887 515
534 1840 596 1886 515
619 1819 767 1886 militum
798 1839 901 1887 manu
933 1818 1109 1907 adjecerat.
1132 1818 1194 1886 1115

186 1964 245 2034 pro
261 1963 322 2010 sua
337 1941 457 2032 praedae
476 1948 569 2031 parte
588 1943 752 2031 virginem
785 1942 984 2029 Polycritam
999 1921 1135 2032 accepit,
1153 1962 1193 2010 ex

186 2066 353 2155 primariis
380 2066 534 2134 civitatis.
555 2067 632 2132 Mox
656 2070 770 2134 autem
797 2085 911 2134 amore
939 2067 1012 2154 ejus
1031 2065 1195 2133 exardens

187 2210 260 2259 sese
281 2160 502 2278 jurejurando
528 2189 718 2268 obstrinxit,
741 2209 777 2257 se
802 2188 968 2277 quidquid
992 2189 1050 2257 illa
1077 2196 1193 2278 postu-

187 2315 290 2387 lasset
322 2318 573 2382 exsecuturum.
607 2312 705 2381 Haud
731 2313 835 2380 oblita
853 2314 966 2402 patriae
986 2334 1055 2381 5115
1068 2313 1191 2402 puella,

188 2438 370 2528 postulavit
378 2445 415 2506 11
429 2437 587 2506 creditam
598 2438 662 2505 sibi
672 2443 858 2506 castrorum
872 2444 1001 2527 partem
1015 2439 1195 2527 Diognetes

189 2563 700 2634 15511115115115151.1115155115
714 2563 823 2653 primo
833 2568 961 2632 tantam
971 2562 1194 2653 proditionem

187 2696 237 2756 551
244 2712 252 2767 ;
280 2687 417 2756 tandem
440 2707 555 2756 amore
577 2688 882 2756 115115551555511.
912 2688 1074 2775 Polycrita
1093 2687 1195 2776 igitur

187 2813 346 2881 iratribus
361 2815 443 2894 suis,
466 2814 525 2901 qui
540 2813 631 2880 orbis
642 2812 806 2901 praesidiis
820 2812 1039 2902 imperabant,
1057 2813 1193 2880 mitten-

188 2939 252 3010 das
263 2940 391 3008 curavit
406 2940 590 3028 placentae,
617 2938 741 3027 quibus
757 2939 953 3028 plumbeam
969 2938 1126 3006 tabellam
1142 2939 1193 3004 in-

187 3064 303 3143 seruit,
332 3061 491 3131 mandato
517 3062 559 3141 ei,
586 3063 645 3150 qui
669 3082 726 3130 555
749 3061 913 3151 portabat,
937 3067 974 3128 ut
993 3060 1083 3129 solos
1105 3062 1194 3129 vesci

183 3187 317 3276 juberet
335 3187 452 3255 fratres
473 3185 672 3254 muneribus
696 3207 715 3254 a
743 3206 858 3254 sorore
888 3185 1013 3253 missis.
1031 3186 1073 3253 Hi
1087 3207 1194 3274 quum

188 3312 346 3379 tabellam
359 3311 593 3391 offendissent,
619 3316 652 3379 et
670 3311 835 3399 legissent
853 3332 929 3399 quae
946 3311 1067 3399 scripta
1086 3317 1190 3389 erant,

188 3455 227 3503 ea
244 3436 427 3503 Naxiorum
439 3435 569 3503 civibus
580 3440 794 3523 aperuerunt,
811 3454 935 3523 eosque
954 3441 1194 3524 permoverunt

189 3564 226 3628 ut
241 3579 357 3628 secum
372 3560 420 3627 rei
434 3560 592 3649 gerenda
603 3571 706 3627 'causa
727 3559 869 3627 exirent.
887 3559 1088 3627 Hortabatur
1101 3559 1192 3627 enirn

189 3683 353 3771 Polycrita
366 3683 1015 3752 11155111551555551111111515551155
1033 3690 1067 3750 51
1085 3682 1192 3750 511115-

188 3812 253 3876 tate
272 3812 426 3896 gravatos
445 3806 656 3876 adorirentur
663 3832 670 3887 ;
692 3811 924 3897 exspectarent
934 3813 1046 3875 autem
1061 3827 1102 3875 ex
1112 3807 1194 3895 ipsis

188 3930 339 3999 hostium
358 3931 475 3998 castris
503 3931 652 4021 signum,
683 3931 805 3999 taedam
837 3931 1010 3999 incensam
1033 3931 1068 3997 in
1096 3951 1195 3998 auras

189 4057 368 4126 sublatam.
386 4057 484 4125 Haud
499 4057 641 4146 longum
658 4058 694 4124 in
707 4056 821 4126 medio
845 4062 998 4147 tempus;
1020 4056 1074 4125 die
1091 4055 1189 4133 dicta,

189 4203 295 4270 quum
304 4180 423 4249 Milesii
439 4203 558 4250 somno
574 4188 688 4250 essent
697 4186 730 4250 et
749 4182 828 4249 vino
844 4182 977 4271 sepulti,
989 4181 1065 4249 dato
1081 4182 1189 4269 signo,

1127 4299 1139 4336 0
