3159 5150
644 563 783 617 -le-

210 723 310 771 cenna
325 707 473 787 Aperuto,
491 704 671 794 appellant,
693 703 882 772 editissimo
897 704 971 773 loco
996 705 1092 784 situs
1120 694 1213 774 ideo-

208 848 275 915 que
292 829 393 916 paulo
415 828 579 917 frigidior,
606 827 829 895 nihilominus
851 828 938 896 vites
957 829 1066 916 gignit
1085 829 1214 897 Baccho

209 951 339 1040 dignes.
366 952 555 1019 Baccheum
584 951 686 1039 igitur
707 951 825 1018 incolae
846 972 948 1018 suum
975 951 1078 1019 hodie
1099 952 1215 1018 dicunt

207 1075 337 1149 vinum.
362 1074 454 1163 qnod
477 1075 589 1142 forsan
612 1075 694 1142 olim
715 1074 900 1142 Biblinium
925 1083 1007 1153 eret,
1026 1076 1055 1142 si
1075 1075 1214 1163 quidem

209 1198 321 1266 Biblos
340 1200 444 1266 Naxia
464 1199 543 1266 urbs
562 1198 635 1277 luit,
653 1219 722 1265 non
741 1199 891 1266 Thracia.

253 1323 291 1388 ln
305 1342 373 1389 uno
384 1342 426 1390 ex
440 1322 613 1390 montibus
628 1323 687 1410 qni
712 1320 754 1388 ad
783 1322 948 1390 orientem
968 1322 1214 1411 meridiemque

209 1447 390 1534 Aperanthi
417 1452 506 1526 sunt,
538 1452 604 1513 1111
629 1446 885 1524 monasterium,
912 1446 976 1513 sub
1004 1447 1215 1514 invocatione

209 1571 314 1638 saneti
335 1571 474 1639 loannis
497 1570 683 1658 Phosphori
707 1571 798 1655 (ἅγιος
817 1567 945 1652 Ἰωάννης
970 1574 1148 1657 anselda-oq),
1174 1590 1214 1638 eo

210 1695 440 1782 conspicuum,
454 1694 547 1792 quod
566 1693 649 1761 duas
664 1693 841 1762 columnas
857 1714 898 1761 ex
918 1694 1033 1782 ophite
1048 1714 1215 1761 marmore

209 1818 356 1886 continet
378 1820 537 1906 Augustae
556 1817 734 1906 cujusdam
760 1817 1146 1906 Constantinopolitanae,
1179 1823 1216 1884 111
1324 1888 1327 1894 ,

210 1940 299 2008 fama
327 1947 389 2022 est,
426 1941 566 2009 donum.
603 1941 704 2029 Cujus
732 1960 811 2008 vero
841 1941 908 2008 illae
936 1942 1004 2008 sint
1035 1942 1141 2008 aetatis
1174 1961 1216 2009 err

210 2085 310 2153 opere
339 2070 372 2133 et
397 2069 467 2132 arte
486 2066 558 2154 jam
581 2085 651 2131 non
676 2064 757 2132 satis
781 2070 928 2154 apparet.
956 2066 1078 2132 Mirum
1102 2071 1215 2132 autem

149 2196 152 2203 ’
210 2190 319 2278 primo
341 2189 475 2258 ridetur
493 2194 601 2256 tantas
630 2187 748 2267 moles,
776 2189 811 2254 in
830 2208 906 2255 eam
926 2187 1151 2266 altitudinem,
1174 2207 1215 2255 ex

210 2314 294 2382 urbe
326 2320 395 2381 11111
427 2315 611 2402 longinqua
643 2312 799 2381 advectas
829 2334 915 2393 esse,
942 2315 1118 2381 immensae
1149 2314 1215 2379 im-

210 2459 324 2526 pensae
346 2438 508 2518 laborem,
529 2458 640 2526 neque
660 2458 739 2505 cum
763 2438 896 2528 imperii
922 2437 1105 2504 miserabili
1124 2443 1213 2505 statu

211 2569 465 2651 congruentem.
482 2563 709 2632 Verisimilins
736 2568 786 2630 est
814 2562 927 2651 igitur,
947 2583 1062 2630 essex
1089 2562 1215 2652 ophitis

211 2689 388 2756 marmoris
416 2689 621 2778 lapicidinis,
649 2709 725 2776 quae
754 2689 788 2753 in
820 2688 931 2754 insula
954 2695 1054 2775 atque
1084 2688 1216 2776 inipso

210 2814 306 2901 qnasi
325 2813 399 2880 loco
424 2819 514 2891 sunt,
533 2813 661 2880 excisas
676 2832 766 2891 esse;
785 2819 859 2878 tum
881 2811 1010 2877 nullius
1026 2811 1216 2896 Byzantinae

210 2938 370 3025 Augustae
397 2936 497 3016 dona,
529 2937 591 3006 sed
619 2936 811 3004 vetustioris
839 2936 944 3002 1111111
968 2955 1070 3022 opera
1097 2934 1215 3003 luisse.

211 3062 282 3139 Quo
312 3061 404 3129 enim
428 3082 516 3129 anno
536 3062 645 3149 prima
665 3061 860 3128 monasterii
885 3058 1107 3134 fundamenta
1129 3061 1217 3149 jecta

211 3190 301 3266 sunt,
335 3186 469 3253 nullum
491 3188 562 3276 jam
594 3190 664 3253 erat
698 3184 875 3251 Orientalis
905 3184 1038 3272 imperii
1078 3204 1214 3262 nomen,

212 3311 336 3400 quippe
354 3331 442 3378 enno
466 3309 548 3377 1497
573 3309 655 3399 erigi
683 3307 773 3376 aedes
797 3313 914 3395 coeptae
943 3313 1034 3385 sunt,
1057 3306 1150 3396 quod
1175 3327 1216 3374 ex

213 3434 429 3523 inscriptione
455 3433 577 3500 murali
600 3437 741 3500 constat.
767 3433 852 3519 Ergo
873 3432 993 3526 conjici
1010 3437 1130 3521 potest,
1154 3432 1218 3500 hoc

212 3559 286 3647 ipso
301 3559 336 3625 in
349 3565 465 3627 monte
480 3557 649 3627 exstitisse
665 3555 783 3644 priscis
807 3556 1018 3644 temporibus
1037 3557 1214 3645 templum,
1243 3588 1245 3592 ·

213 3683 305 3751 unde
319 3683 486 3751 columnae
508 3682 575 3749 illae
590 3681 624 3747 in
640 3680 819 3748 ecclesiam
836 3680 1005 3748 1111111111
1025 3687 1116 3748 sunt.
1143 3683 1218 3749 Non
1316 3705 1323 3712 ·

212 3807 306 3874 enim
323 3806 442 3894 quinto
459 3804 589 3873 decimo
609 3804 672 3871 aevi
687 3803 792 3869 nostri
808 3802 934 3882 seculo,
953 3823 1001 3870 eae
1018 3806 1217 3873 1111111111-

214 3929 331 3998 comm
349 3935 437 3998 artes
451 3928 576 4016 quibus
598 3933 691 3995 111111
709 3925 860 4015 pondera
875 3946 916 3993 ex
932 3926 1009 3993 imis
1028 3927 1218 4015 lapicidinis

214 4057 248 4122 in
263 4055 388 4122 montis
404 4054 564 4123 verticem
576 4054 705 4140 integra
729 4051 964 4130 eveherentur,
978 4072 1099 4142 neque,
1121 4053 1149 4118 si
1165 4072 1228 4119 res

213 4179 286 4246 fieri
313 4179 488 4267 potuisset,
513 4197 594 4264 opes
622 4173 856 4262 suppetebant.
889 4171 984 4248 Quod
1013 4173 1125 4236 11111111
1154 4165 1219 4231 boc
