3159 5150
640 1283 688 1328 uu
723 1283 861 1330 ouuurs
892 1281 1043 1329 insutu
1078 1281 1189 1327 vrurs
1304 1264 1309 1279 ’

458 1575 529 1641 Hoo
542 1593 623 1641 vero
637 1572 805 1661 gentihus,
823 1593 898 1661 quae
917 1574 1006 1661 agris
1021 1571 1170 1641 oolendis
1184 1571 1265 1639 dont
1280 1591 1414 1638 omnem

413 1718 561 1787 operam,
578 1697 728 1776 insitum,
750 1702 787 1763 ut
806 1697 926 1785 opibus
943 1696 1083 1785 quidem
1100 1697 1271 1774 florentes,
1290 1694 1415 1784 ingenii

412 1831 501 1897 famo
519 1850 593 1898 raro
612 1830 787 1898 excellant.
805 1830 868 1909 Sic,
890 1852 996 1919 quum
1014 1836 1131 1899 eeterae
1150 1829 1269 1896 iusulae
1287 1834 1411 1918 poetas,

412 1954 572 2033 musicos
589 1952 822 2042 philosophos,
843 1954 1044 2042 scriptorum
1063 1974 1164 2022 omne
1179 1973 1287 2042 genus
1305 1958 1415 2041 protu-

412 2078 524 2158 lerint,
547 2078 642 2145 nulla
661 2079 753 2144 Naxo
780 2076 855 2145 laus
877 2078 996 2146 similis
1019 2077 1227 2146 oveterihus
1246 2075 1412 2143 tribuitur.

413 2186 486 2267 Duo
506 2200 644 2268 nomina
666 2205 798 2267 tantum
819 2202 941 2268 artium
961 2201 1066 2290 glorio
1087 2202 1254 2269 clarorum
1268 2199 1416 2267 virorum

413 2323 456 2392 od
469 2344 532 2391 nos
552 2324 720 2404 mandata,
745 2325 854 2412 Byzen
877 2330 910 2392 et
932 2325 1085 2413 Evergon
1101 2323 1145 2390 (ί).
1169 2325 1285 2411 Byzes
1303 2323 1414 2411 seulp-

298 2431 300 2435 ’
413 2454 465 2517 tor
478 2449 532 2517 vel
553 2449 744 2529 architecto,
760 2449 927 2537 templum
943 2447 1090 2536 Olympii
1110 2449 1126 2515 J
1130 2447 1204 2515 ovis
1218 2446 1416 2515 marmoreis

413 2571 618 2641 ePentelieo
639 2571 788 2653 laminis,
810 2572 1001 2662 tegularum
1015 2571 1099 2651 vice,
1123 2572 1306 2662 cooperuit.
1336 2572 1413 2661 Ejus

412 2699 503 2767 filius
521 2699 585 2768 fuit
603 2700 766 2788 EvergoS,
793 2700 866 2786 qui,
883 2719 990 2787 quum
1007 2719 1149 2787 operum
1170 2698 1270 2766 alicui
1291 2717 1415 2766 nomen

413 2844 513 2898 suum
526 2823 724 2892 inscriberet
731 2822 868 2890 eddidit
883 2828 916 2890 et
935 2823 1037 2912 patris
1055 2847 1062 2890 ε

566 2996 668 3074 Νάξιος
682 2998 806 3081 Εὔεργός
820 3022 855 3078 με
869 3004 945 3080 γένει
957 3004 1064 3080 Αὴτους
1077 3004 1156 3083 πόρε,
1174 3003 1265 3074 Baitero
1358 2999 1367 3016 ‘

612 3109 696 3180 Παῖς,
714 3109 744 3178 ὃς
758 3109 908 3187 πρώτιστος
921 3104 1000 3181 τεῦξε
1010 3108 1089 3168 λίθου
1103 3109 1234 3188 κέραμον.

412 3285 575 3352 Vixerunt
602 3271 715 3352 autem
737 3285 837 3353 ambo
864 3286 1023 3380 Halyatti,
1056 3288 1144 3375 regis
1172 3285 1354 3374 Lydorum,
1385 3294 1417 3354 et

413 3407 503 3475 Cresi
521 3407 741 3495 temporibus.
757 3408 901 3476 Additur
915 3410 968 3477 his
991 3410 1126 3490 athleta,
1150 3411 1326 3491 Leonidas,
1344 3431 1415 3479 oes-

413 3534 467 3598 tus
485 3551 599 3619 pugna
619 3532 855 3623 viotor‚'oujus
873 3538 982 3601 statua
1004 3535 1168 3623 Olympiae
1190 3541 1259 3603 erat
1279 3555 1415 3603 conser-

412 3654 553 3722 vatam:
578 3662 652 3724 tum
676 3658 859 3738 Eudemus,
890 3679 991 3746 quem
1023 3659 1110 3727 inter
1144 3659 1322 3749 scriptores
1350 3659 1417 3727 his

412 3780 571 3847 toriorum
595 3789 795 3852 annumerat
818 3785 1009 3853 Pausanias.
1035 3784 1193 3873 Superest
1215 3790 1252 3853 ut
1271 3786 1413 3864 Critone,

410 3904 593 4000 quemdam
607 3928 849 3989 memoremus
873 3910 969 3999 eujus
988 3909 1052 3977 sub
1073 3911 1210 3979 nomine
1237 3910 1359 3998 aliquis
1374 3909 1416 3977 do

446 4098 484 4169 (l)
500 4099 633 4166 Piorum,
648 4102 682 4166 V,
701 4102 743 4168 10,
759 4103 784 4157 3.

445 4188 482 4258 (2)
498 4187 631 4246 Pousis..
647 4190 694 4255 Vl,
711 4190 753 4256 lo,
767 4190 794 4244 5.
