3159 5150
607 544 744 598 ..87-

172 685 313 772 riosquo
332 690 415 765 orta,
438 685 599 753 arbitratu
624 686 865 754 Eretriensium
893 688 1080 776 composita
1109 689 1183 755 fuit.

178 808 294 876 Vicere
313 810 398 877 Parii
419 808 653 899 decimamque
667 818 797 900 partem
815 811 951 879 mulctae
966 831 1007 879 ex
1027 810 1184 879 adversa-

179 933 235 1000 riis
258 933 382 1001 abactae
405 934 552 1022 Apollini
580 936 674 1004 Delio
703 956 942 1004 consecravere
957 935 999 1002 (¹).
1027 936 1187 1012 Quamvis

178 1061 267 1129 enim
287 1061 437 1150 subjecta
455 1069 545 1131 esset
564 1066 657 1132 Naxo
680 1066 793 1143 Paros
816 1085 884 1131 non
900 1063 975 1132 ideo
994 1084 1102 1143 serra,
1124 1085 1187 1132 nec

175 1186 249 1273 jure
260 1186 354 1252 omni
366 1206 427 1254 suo
442 1187 524 1255 orba
538 1194 620 1267 erat,
631 1209 806 1276 quumque
820 1188 944 1256 Deliaci
958 1188 1095 1258 foederis
1110 1211 1186 1280 par-

179 1311 282 1399 ticeps
310 1321 410 1392 esset,
442 1314 605 1383 adversus
633 1315 802 1395 dominos,
825 1316 853 1383 si
868 1315 951 1404 quid
966 1317 1187 1405 impotentius

178 1425 533 1537 imperarentauxilia
552 1440 586 1506 in
606 1440 826 1528 religionibus
848 1441 1088 1508 communibus
1105 1447 1138 1509 et
1153 1441 1187 1507 in

178 1569 360 1636 Naxiorum
373 1572 504 1639 aemulis
523 1572 679 1640 habebat.
701 1574 746 1640 Ea
759 1574 823 1640 luit
835 1572 1079 1640 Eretriensibus
1094 1593 1188 1640 occa-

87 1775 93 1789 ·
179 1693 228 1760 sio
247 1714 315 1781 qua
334 1714 452 1762 eorum
470 1697 656 1785 potentiam
670 1698 924 1776 imminuerent,
945 1696 1029 1765 dum
1044 1697 1188 1777 subditis

175 1818 231 1905 jus
252 1816 416 1887 adversus
435 1820 593 1889 dominos
612 1821 810 1888 attribuunt.

222 1941 318 2011 Credi
337 1951 446 2035 potest
475 1946 761 2025 Lacedaemonim,
784 1966 891 2034 quum
917 1945 1105 2035 Lygdamin
1128 1968 1187 2016 ex-

179 2071 306 2159 pulere,
325 2072 487 2160 ¹aliquem
519 2072 750 2151 Harmostum,
777 2071 850 2139 siue
871 2090 913 2138 ex
938 2071 1021 2149 suiS,
1057 2072 1128 2140 sive
1147 2093 1189 2140 ex

179 2197 396 2285 optimatibus
410 2196 537 2275 Naxiis,
554 2196 588 2261 in
608 2196 777 2264 civitatem
802 2195 1046 2285 redintegratis,
1063 2198 1187 2264 cousti-

179 2321 295 2400 tuisse,
320 2322 378 2409 qui
407 2328 528 2388 cuncta
551 2327 684 2415 regeret
707 2340 894 2409 pacemque
916 2293 954 2389 et*
976 2320 1189 2390 concordiam

178 2449 419 2516 seruaretNon
431 2447 489 2514 diu
506 2456 620 2515 tamen
635 2448 863 2515 victoriae‘suae
876 2447 1024 2514 fructum
1035 2454 1185 2525 tenuere,

177 2572 234 2660 qui
251 2572 384 2662 itaopes
396 2572 672 2642 etauctoritatem
687 2580 976 2662 recuperaverant,
996 2572 1185 2662 optimates,

177 2718 331 2786 quosque
350 2698 517 2767 invidiose
540 2704 573 2766 et
597 2693 841 2766 contumeliose
864 2697 960 2786 plebs
982 2697 1186 2785 «Pingues»

178 2823 378 2913 appellabat.
401 2825 498 2892 Brevi
520 2824 611 2892 enim
637 2829 752 2891 coorta
773 2821 942 2891 seditione
958 2819 1102 2909 expulsi,
1119 2841 1187 2914 non

176 2952 246 3039 jam
261 2950 423 3038 Spartam,
450 2948 510 3016 sed
523 2948 674 3016 Miletum
689 2948 872 3036 confugere
887 2948 964 3015 501.

214 3160 251 3230 ll)
266 3160 394 3224 Benene,
412 3159 439 3212 C.
454 3160 478 3212 I.
491 3157 536 3223 G,
549 3157 629 3212 22o5.
654 3159 850 3212 Eretriensium
876 3159 995 3211 tribunal
1018 3157 1101 3228 Delon
1121 3174 1188 3211 con-

180 3254 301 3301 vocaturn
322 3251 396 3310 erat,
419 3248 508 3317 ibique
534 3246 693 3300 sententiam
716 3262 793 3299 suam
816 3245 1006 3314 pronuntiavit.
1036 3244 1188 3314 Eponymus

83 3349 87 3358 '
179 3336 329 3390 Naxiorum
341 3336 517 3404 magistratus
531 3335 630 3387 Bacchi
644 3334 768 3387 sacerdos
782 3337 850 3386 erat.
