3159 5150
583 640 622 660 a
637 617 687 673 119
706 639 740 660 -·

163 757 210 823 Es
221 776 263 824 eo·
276 751 448 826 Serreeeni
459 760 627 827 eontinuis
637 759 878 860 irruptionibus
892 763 1001 829 meris
1009 764 1163 852 proxime

162 878 361 950 infestavere
370 881 416 962 (¹),
441 902 550 982 neque
569 882 637 950 ulle
651 883 747 970 quies
766 883 970 970 Cycladibus·
988 882 1066 980 dete
1084 885 1157 953 iuit.

91 1088 93 1094 ,
160 1000 409 1094 1666661111
429 1006 535 1086 dede,
559 1001 648 1074 aneti·
668 1026 817 1074 numere·
830 1013 947 1075 rnr'su's
962 1008 1162 1096 ingruebant

160 1130 309 1199 bertheri.r
322 1125 430 1198 Null'e
440 1131 512 1220 jam
528 1134 725 1220 supererant
745 1130 924 1218 Byzantino
949 1131 1089 1220 imperio
1108 1134 1160 1200 vi-

160 1272 226 1335 res
243 1261 276 1322 et
290 1270 360 1321 suae
378 1251 589 1323 sortientes
608 1254 894 1342 qnaequetreditm
911 1256 940 1321 si
960 1255 1046 1322 nihil
1060 1256 1096 1322 in
1123 1278 1161 1325 se

115 1388 118 1395 ’
161 1379 232 1466 ipsa
263 1376 407 1466 presidii
431 1377 583 1457 heberet,
602 1377 751 1445 bostium
780 1377 1031 1467 piratarumque
1050 1380 1162 1468 prede·

160 1500 263 1568 debet
276 1500 430 1569 obnoxia.
447 1501 510 1568 Per-
522 1502 974 1589 plusquemeentumennes
987 1502 1157 1590 (mesto)
1225 1556 1230 1567 .
1281 1576 1288 1596 .

161 1625 340 1704 Sarraceni,
350 1645 370 1692 6
379 1625 472 1693 Crete
486 1629 713 1713 erumpentes,
728 1625 855 1693 insulas
865 1626 1005 1714 AEgae'ss,
1017 1646 1165 1714 erasque·

160 1749 265 1815 maris
280 1749 440 1827 finitimus
458 1749 658 1838 expilavere,
683 1748 804 1828 donee,
826 1769 851 1817 e
865 1750 1073 1839 receptaculo
1097 1770 1163 1818 sue

158 1871 335 1939 tenderes
354 1872 542 1961 Nieeph0r0
553 1872 663 1940 Pheea
681 1871 821 1953 detrusi,
846 1874 920 1941 aliis
944 1873 1157 1963 predonibus

128 2070 131 2075 ,
158 1993 272 2061 lenum
286 1994 452 2063 dederent.
466 1996 537 2062 Hoe
556 1996 646 2063 enim
660 2001 791 2063 tentum
815 1997 854 2063 in
865 1997 1052 2065 insularum
1070 2004 1160 2066 sorte

37 2208 43 2221 α
159 2121 338 2197 mutntmn,
353 2117 444 2214 qnod
458 2117 666 2186 infestissimi
680 2120 828 2208 ipserum
847 2120 965 2189 hostes
971 2141 1039 2189 non
1055 2123 1126 2210 jam
1140 2142 1160 2190 e

159 2241 263 2321 Creta,
281 2241 349 2310 sed:
363 2263 405 2310 ex
428 2242 576 2330 quelibet
600 2243 871 2312 maritimedsiae
886 2245 1033 2326 Minoris,
1056 2246 1159 2333 Syrie

158 2373 214 2441 vel
229 2372 366 2461 AEgypti·
376 2371 461 2440 urbe
477 2372 653 2440 orirentur.

202 2497 320 2584 Magne
333 2493 471 2583 quidem
486 2512 545 2585 spe
560 2500 593 2561 et
606 2494 693 2563 vetis
703 2495 835 2562 misere
845 2495 1004 2583 Gyulsdes
1012 2502 1160 2564 armates

158 2618 421 2687 Oeeidentelium
446 2618 706 2687 Christianorum
723 2618 889 2687 exereitus
914 2620 955 2685 in
969 2641 1084 2688 seems
1098 2622 1157 2688 Se

159 2746 328 2834 lymerum
339 2744 590 2813 liberandorum
604 2744 833 2833 expeditiones
849 2745 858 2829 1
864 2744 1068 2834 10981104)
1085 2766 1158 2834 pre

159 2873 281 2937 seeutse
306 2874 395 2947 sunt,
414 2867 474 2936 sed
502 2888 581 2935 mex
611 2867 694 2935 heu!
725 2872 853 2935 mutate
868 2867 907 2934 in
921 2868 1054 2935 luctum·
1073 2869 1156 2937 laeti-

158 2993 213 3072 tia,
235 3012 341 3080 quum
362 2991 530 3071 viderunt,
553 2990 637 3058 nihil
665 2991 727 3058 sibi
754 3010 795 3059 ex
822 2991 945 3058 sanetis
972 2992 1040 3059 illis
1058 2991 1158 3061 bellis

158 3118 223 3186 nisi
246 3138 351 3186 novos
366 3117 570 3206 eosdemque
589 3117 804 3186 avarissimus
820 3118 935 3186 hostes
950 3118 1154 3187 incumbere.

158 3245 232 3311 Non
266 3242 358 3310 enim
380 3242 541 3310 exstincte
569 3242 859 3310 Musulmanornm
885 3242 1068 3323 latrocinia,
1099 3242 1158 3311 sed

92 3361 95 3366 ’
158 3365 278 3434 additae
308 3365 466 3455 deinceps
485 3372 524 3434 et·
543 3366 817 3446 Christianorum,
845 3367 898 3436 vel
918 3388 996 3434 eum
1014 3367 1081 3434 illis
1095 3388 1157 3456 pn-

158 3489 345 3577 gnantium,
362 3489 417 3557 161
433 3489 520 3556 inter
541 3508 578 3557 se
597 3488 873 3570 discordantium,
892 3491 1026 3580 rapinae.
1048 3490 1160 3558 Pisani

159 3613 250 3681 enim
278 3617 311 3680 et
345 3613 529 3681 Normenni
562 3618 595 3680 et
623 3613 838 3681 Genovenses
869 3621 900 3681 et
924 3614 1054 3695 Veneti,
1076 3613 1160 3681 invi-

160 3757 232 3805 eem
258 3736 383 3817 aemuli,
405 3743 504 3826 etque
523 3738 696 3826 byzantini
718 3739 850 3828 imperii
876 3739 1013 3807 alternis
1027 3739 1159 3808 vieibus

159 3859 212 3929 rel
230 3861 329 3928 amici
346 3861 401 3928 vel
417 3861 542 3941 hostes
558 3862 709 3950 AEgaeum
727 3882 818 3930 mere
832 3867 992 3950 tanquam
1006 3867 1158 3951 apertum

19 4022 22 4026 .
159 3984 384 4055 simultatibus
418 3986 488 4053 suis
520 4005 676 4075 eampum
704 3985 915 4080 habuerunt,
950 3993 984 4055 et
1024 3986 1158 4054 utraevis

10 4199 12 4350 ἑ
194 4249 231 4321 (l)
244 4249 299 4304 Sub
314 4248 462 4319 Theophilo
477 4248 608 4306 829-842.
660 4334 662 4337 y
