3159 5150
826 533 858 544 -
877 462 912 558 35
931 532 963 545 -
1009 506 1011 510 ,

393 668 460 735 que
474 647 673 735 optimatum
687 646 823 714 factioni
838 645 1012 726 restitutis,
1030 652 1063 714 et
1090 647 1162 735 ipse
1184 646 1319 713 corruit.
1340 646 1408 711 La-‘

394 769 590 839 cedaemonii
613 769 716 847 enim,
738 769 797 857 qui
825 776 980 858 ereptum
1003 770 1066 837 sibi
1089 769 1191 837 maris
1218 769 1398 857 imperium

392 913 479 983 egre
498 892 660 970 ferebant,
686 890 816 979 arrepta
840 893 1025 971 occasione,
1044 892 1207 961 ultionem
1232 892 1398 982 persecuti

391 1023 481 1084 sunt.
497 1018 603 1084 Antea
617 1015 707 1083 enim
726 1035 829 1103 quam
848 1015 1029 1105 Lygdamis
1057 1019 1150 1085 Naxo
1179 1022 1288 1083 tantas
1308 1015 1398 1084 vires

392 1139 541 1219 adderet,
562 1159 622 1228 per
636 1139 771 1207 Doricas
780 1139 941 1220 colonias,
953 1139 1156 1228 easdemque
1172 1145 1271 1229 portu
1286 1138 1396 1207 excel-

392 1266 474 1334 lenti
493 1266 682 1344 instruotas,
706 1264 858 1353 Spartani
873 1264 1032 1352 Cycladas
1054 1285 1123 1331 non
1148 1265 1241 1353 gravi
1260 1262 1398 1351 quidem

388 1391 471 1480 jugo
494 1390 702 1479 premebant,
729 1394 763 1456 at
787 1393 877 1456 certe
896 1388 1082 1476 plurimum
1104 1385 1195 1475 apud
1216 1406 1272 1453 eas
1290 1386 1396 1474 polle-

391 1514 482 1581 bant.
501 1515 590 1591 Quos
618 1515 720 1603 igitur
746 1513 919 1602 expulerat
943 1514 1124 1603 Lygdamis
1150 1531 1311 1601 excepere
1330 1511 1396 1599 pri-

390 1658 485 1704 mum
505 1637 662 1726 hospitio,
680 1643 752 1704 tum
772 1657 864 1704 arma
884 1637 1072 1724 auxiliaque
1098 1637 1147 1704 eis
1160 1635 1395 1726 praestiterunt,

391 1768 424 1830 et
451 1763 484 1827 in
509 1761 652 1850 patriam
671 1741 807 1829 tandem
840 1762 1015 1857 restituere
1035 1782 1131 1829 suam
1147 1760 1191 1827 (¹).
1219 1759 1399 1849 Lygdamis

391 1908 458 1975 quo
478 1886 579 1954 modo
594 1887 720 1955 finierit
733 1888 849 1967 vitam,
866 1888 1059 1955 obscurum.
1078 1886 1213 1955 Eisdem
1228 1886 1298 1954 fere
1312 1892 1397 1954 tem-

392 2009 530 2098 poribus
545 2010 674 2077 amicus
688 2011 761 2099 ejus
773 2010 963 2097 Polycrates
980 2011 1097 2089 Oratis,
1116 2010 1229 2097 Lydiae
1248 2014 1394 2098 satrapae,

391 2131 469 2198 dolo
484 2132 691 2225 interceptus
706 2133 814 2221 periit.

436 2259 510 2323 Non
529 2263 642 2325 tamen
657 2257 748 2345 quod
764 2258 1025 2347 concupiverant
1046 2244 1218 2325 consecuti
1237 2263 1316 2323 sunt
1337 2257 1397 2323 La-

393 2381 602 2461 ccdaemonii,
621 2383 723 2450 maris
739 2382 866 2450 scilicet
881 2383 1080 2471 imperium:
1102 2382 1137 2448 id
1152 2383 1242 2449 enim
1263 2381 1305 2449 ad
1320 2384 1397 2449 Ere-

391 2506 547 2587 trienses,
567 2505 701 2602 Euboea
716 2507 836 2575 insulae
850 2508 988 2588 incolas,
1005 2506 1138 2576 transiit
1151 2508 1192 2587 ⁴²),
1207 2505 1297 2596 apud
1312 2488 1402 2595 quos¹
1472 2570 1475 2578 .

390 2630 586 2718 quindecim
600 2652 719 2711 annos,
737 2633 936 2721 priusquam
951 2633 1181 2721 AEginetarum
1198 2633 1305 2712 fieret,
1323 2653 1397 2721 per-

390 2754 526 2821 mansit.
550 2755 661 2822 Naxos
676 2745 815 2842 quidem
839 2755 977 2824 Andron
1001 2756 1187 2843 Paronque,
1206 2763 1398 2844 ceterasque

391 2898 472 2966 opes
494 2884 526 2946 et
542 2878 691 2966 primum
724 2879 813 2946 inter
837 2879 998 2967 Cycladas
1014 2880 1127 2946 locum
1151 2880 1288 2947 retinuit
1300 2903 1308 2960 3
1340 2880 1397 2948 sed

391 3022 557 3070 novorum
572 3002 675 3070 maris
694 3002 910 3071 dominorum
930 3005 1116 3072 auctoritati
1136 3005 1263 3093 aliquid
1284 3006 1399 3075 debuit

392 3126 587 3197 concedere.
616 3128 655 3193 ln
682 3127 748 3194 illis
772 3129 864 3196 enirn
893 3130 1096 3197 Amarousire
1110 3130 1222 3198 Dianae
1246 3130 1341 3198 festis
1354 3129 1394 3209 ot,

391 3242 450 3309 ubi
468 3241 572 3330 longo
588 3242 717 3322 ordine,
735 3244 770 3310 in
789 3244 954 3312 honorem
966 3245 1052 3322 Dee,
1070 3243 1346 3333 progrediebatur
1356 3245 1398 3312 ad

251 3411 258 3428 ,
374 3388 483 3440 ,aram
507 3369 609 3435 trium
628 3369 763 3436 milliun
783 3369 949 3458 peditum,
975 3377 1211 3439 sexcentorum
1232 3373 1394 3460 equitum,

392 3492 566 3580 sexaginta
585 3514 754 3560 curruum·
759 3513 894 3582 pompa,
908 3496 1031 3574 Naxos,
1043 3501 1080 3562 ut
1090 3497 1187 3576 Teos
1201 3501 1295 3576 dem,
1313 3496 1397 3565 aliae-

305 3691 308 3695 Α
391 3640 458 3707 que
483 3620 769 3714 insulae‚.legatps
799 3624 1007 3710 chorumque
1034 3625 1200 3712 juvenum
1233 3624 1393 3692 mittebat.

393 3744 509 3813 Eidem
524 3747 667 3833 tempori
685 3747 888 3836 assignanda
902 3751 953 3815 est
967 3747 1008 3814 lis
1022 3767 1097 3835 quae
1106 3748 1193 3815 inter
1203 3749 1326 3814 Naxios
1338 3749 1395 3814 Pa·
1438 3831 1440 3834 γ

427 3967 465 4038 (l)
480 3966 576 4020 Scbcl.
591 3966 729 4032 AEsouru.,
742 3969 774 4033 ΙΙ,
788 3968 834 4020 77.

428 4051 465 4125 (2)
480 4056 611 4120 morou,
625 4054 686 4121 vll,
702 4056 743 4111 13.
758 4086 791 4099 -
806 4057 918 4121 Smin,
935 4056 971 4120 X,
986 4074 1012 4125 p,
1030 4057 1090 4110 448.

427 4152 464 4224 (3)
480 4152 664 4216 ΒΒοΝετΕυτ.,
682 4151 756 4213 Odor,
768 4152 814 4209 69.
