3159 5150
831 553 985 608 -rlo-

411 701 519 786 gatus
535 693 672 762 tandem
686 694 903 763 condemnari
921 714 978 763 eos
998 715 1117 784 passus
1132 700 1231 763 esset.
1249 695 1334 761 Hinc
1350 714 1403 761 or-

410 826 483 887 tum
507 820 664 899 schisma,
687 819 779 907 quod
796 820 955 907 Aquileiae
972 826 1119 901 vocatur,
1137 825 1170 888 et
1188 818 1404 887 manifestum

409 965 469 1033 per
483 918 619 1011 centum
634 948 668 1011 et
692 943 932 1031 quinquaginta
956 963 1062 1011 annos
1085 943 1228 1012 Orientis
1242 941 1402 1010 Occiden-

408 1069 518 1157 tisque
532 1068 721 1137 discidium.

453 1185 567 1253 Vexati
597 1184 719 1253 dehinc
755 1191 890 1274 propter
924 1185 1215 1254 Monothelitarum
1250 1185 1402 1254 heresim

408 1311 516 1392 multi,
542 1311 628 1379 inter
655 1298 740 1399 quos
766 1311 970 1400 precipuum
990 1311 1101 1378 locum
1129 1311 1270 1379 obtinuit
1291 1312 1401 1379 Marti-

408 1437 500 1504 nusl
521 1435 704 1524 (653-655).
722 1437 839 1505 Libros
867 1437 958 1504 enim
991 1436 1033 1505 de
1056 1437 1237 1525 'theologia
1258 1437 1402 1504 scribere

408 1561 578 1648 Bysantini
597 1562 813 1651 imperatores
832 1582 900 1629 non
915 1561 1121 1641 dubitabant,
1145 1566 1179 1629 et
1192 1560 1347 1648 quamvis
1367 1560 1401 1641 in

407 1685 593 1774 pessimum
617 1686 810 1775 exemplum
839 1687 980 1754 Zenonis
1012 1684 1182 1772 (474-491)
1211 1688 1398 1763 Heneticoc,

406 1812 609 1897 dederisque
639 1810 781 1877 Heraclii
810 1808 996 1896 (oro-641)
1026 1810 1221 1887 cessissent,
1272 1809 1394 1892 Tppam

410 1925 571 2020 Constans
600 1925 629 1991 ΙΙ
662 1922 832 2011 (oto-668)
855 1923 1053 2012 composuit,
1083 1942 1184 2010 quem
1206 1922 1268 1989 toti
1289 1921 1400 1989 Eccle-

406 2047 462 2115 siae
485 2048 580 2135 quasi
601 2067 688 2116 verae
709 2045 788 2115 fidei
814 2045 963 2114 codicem
989 2045 1122 2113 indixit.
1158 2045 1400 2113 obsistentibus

405 2190 485 2238 vero
505 2171 540 2237 in
560 2170 737 2239 Occidente
765 2169 1006 2249 sacerdotibus,
1026 2190 1144 2238 versus
1166 2171 1201 2236 iu
1217 2170 1313 2249 iram,
1335 2171 1399 2237 Ro-

406 2316 468 2364 mae
481 2316 597 2364 recens
612 2295 756 2363 electum
775 2295 908 2384 Papam,
926 2295 1102 2362 Martinum
1120 2294 1239 2383 corripi
1254 2294 1355 2382 jussit
1368 2300 1401 2362 et

405 2419 735 2508 Constantinopolim,
754 2438 856 2507 quam
875 2420 1019 2487 maxime
1043 2419 1145 2508 longo
1160 2424 1195 2487 et
1216 2418 1398 2506 asperati-

405 2565 496 2626 nere,
519 2545 657 2635 perduci
671 2544 715 2613 (1).
751 2546 876 2636 Itaque,
906 2552 1084 2637 postquam
1111 2546 1275 2636 plurimos
1303 2565 1398 2613 men-

405 2693 459 2742 ses
481 2673 705 2761 navigaverat,
729 2671 861 2753 labore,
888 2672 1022 2752 morbo,
1051 2670 1164 2739 inedia
1185 2670 1399 2739 acerbissime

405 2802 545 2866 vexatus
570 2795 721 2885 pontifex
745 2795 882 2864 tandem
908 2798 1023 2863 Naxon
1045 2795 1213 2884 pervenit,
1244 2795 1303 2861 ubi
1323 2794 1396 2883 ,pri-

403 2932 499 2980 mum
526 2912 561 2978 in
588 2916 711 2979 terram
734 2909 825 2979 exi’re
849 2911 953 2979 licuit.
971 2912 1082 2988 Quum
1100 2930 1180 2979 vero
1197 2909 1240 2977 ad
1255 2908 1396 2999 crepidi-

403 3057 482 3105 nem
494 3041 609 3126 portus
618 3035 813 3125 appulisset,
831 3038 864 3103 in
881 3037 1000 3105 urbem
1017 3035 1188 3126 perducto,
1210 3036 1324 3124 plures
1335 3035 1395 3101 ho-

402 3182 456 3229 ras
474 3162 509 3227 in
520 3160 643 3228 sacello
657 3161 761 3228 sancti
775 3161 942 3228 Mimantis
956 3159 1217 3249 exspectandum
1227 3158 1300 3239 fuit,
1317 3157 1395 3225 dum

365 3376 375 3389 ὕ
402 3292 573 3377 pararetur
601 3286 733 3354 domus.
764 3287 913 3355 Tandem
940 3287 1060 3355 urbem
1092 3285 1236 3364 intravit,
1267 3286 1303 3349 in
1332 3301 1396 3371 qua

274 3484 277 3489 ,
402 3433 529 3481 annum
548 3413 715 3501 integrum
730 3414 926 3503 permansit,
953 3414 1041 3482 maie
1055 3411 1193 3501 quidem
1211 3431 1231 3478 a
1249 3409 1394 3477 custodi-

401 3534 466 3603 bus
492 3536 639 3616 habitus,
661 3557 799 3604 suorum
827 3542 939 3604 autem
962 3538 1082 3625 pietate
1105 3538 1271 3603 recreatus
1296 3532 1392 3619 (653).

401 3662 565 3730 Deveotus
588 3662 1018 3753 inde‘Constantinopolim,
1039 3667 1216 3758 postquam
1237 3657 1393 3727 omnibus

401 3794 557 3862 aemmnis
582 3795 789 3863 excruciatus
818 3801 852 3863 et
874 3793 917 3861 ad
942 3793 1098 3861 exsilium
1124 3793 1201 3860 cum
1220 3789 1394 3858 comitibus

402 3919 578 3987 damnatus
601 3925 671 4001 est,
702 3920 869 4009 relegatus
892 3919 927 3985 in
950 3918 1123 3986 Tauricam
1146 3916 1390 3990 Chersoneson,

436 4194 471 4265 (l)
485 4194 624 4260 Zenonas,
640 4194 692 4248 vol.
709 4194 744 4258 ΙΙ,
754 4194 800 4258 87,
813 4193 856 4249 88.
876 4224 911 4236 -
923 4194 1095 4255 Tuncrum„
1106 4210 1132 4263 p.
1145 4190 1207 4257 275,
1225 4191 1266 4243 ed.
1282 4189 1364 4244 Bono.
