3159 5150
639 567 778 623 ..89-

196 709 379 800 producere
405 717 529 799 posset,
563 688 775 800 geminisque
799 696 919 777 insulis
935 711 1016 777 Paro
1035 717 1068 776 et
1085 709 1200 777 Andro

196 835 393 924 imperaret;
427 835 529 924 hujus
563 835 731 923 adjunctis
763 834 827 902 sibi
860 834 998 922 opibuS,
1034 838 1200 922 satrapam

196 979 296 1048 posse
312 979 431 1027 omnes
454 958 613 1047 Cycladas
639 959 814 1027 Persarum
842 979 947 1048 regno
962 958 1097 1037 addere,
1115 979 1199 1047 qua·

196 1104 272 1150 rum
290 1083 385 1151 nulla
405 1084 515 1152 adhuc
530 1086 564 1151 in
584 1084 671 1152 Darii
699 1089 864 1174 potestate
885 1090 966 1153 erat.
989 1085 1048 1152 liis
1063 1084 1197 1165 auditis,

193 1208 419 1297 Artaphemes
434 1209 613 1276 consilium
627 1210 825 1298 Aristagorae
841 1209 1002 1289 laudavit,
1025 1211 1198 1277 consulto·

195 1355 261 1422 que
277 1336 377 1423 Rege,
396 1334 538 1402 classem
561 1342 591 1404 el
620 1336 807 1403 exercitum
829 1335 997 1415 instruxit,
1029 1336 1083 1403 cui
1106 1336 1201 1403 Naxii

196 1459 329 1550 profugi
348 1460 556 1549 stipendium
570 1462 764 1550 victumque
788 1462 978 1529 ministrare
997 1461 1198 1530 debuerunt.

195 1585 243 1651 De
264 1585 357 1651 Naxo
373 1589 485 1651 aetum
505 1592 585 1666 erat,
610 1587 676 1654 nisi
691 1586 859 1654 discordia
874 1586 961 1653 inter
975 1586 1201 1674 Aristagoram

196 1708 440 1796 Persarumque
469 1709 603 1788 ducem,
632 1709 855 1796 blegabatum,
879 1709 1068 1778 exarsisset.
1091 1710 1201 1786 Quum

196 1832 344 1900 enimin
372 1835 463 1902 exitu
489 1836 649 1922 Smyrnaei
672 1836 778 1915 sinus,
797 1835 838 1902 ad
865 1835 1055 1913 Caucasam,
1083 1842 1202 1903 ventes

196 1959 365 2027 secundos
393 1968 600 2050 exspectaret
624 1961 752 2040 classis,
783 1962 990 2029 nauarchum
1018 1961 1202 2049 quemdam

195 2090 368 2185 noctumae
394 2088 545 2154 stationis
575 2088 812 2185 ⁴negligentem
839 2087 1033 2176 Megabatus
1060 2086 1201 2154 borren-

195 2208 328 2275 durnin
352 2210 493 2277 modum
515 2211 669 2278 mulctari
684 2211 786 2299 jussit
798 2235 807 2290 ;
832 2209 988 2278 clientem
1014 2230 1094 2278 vero
1116 2210 1201 2277 ami-

195 2355 352 2423 cumque,
381 2335 486 2403 invito
519 2356 558 2403 ac
584 2341 747 2404 renuente
784 2336 962 2403 Persarum
988 2334 1086 2409 duce,
1119 2356 1200 2423 sup-

196 2450 294 2538 plicio
323 2451 448 2518 exemit
470 2451 688 2539 Aristagoras.
716 2452 766 2518 Ira
791 2451 893 2539 igitur
920 2450 1071 2518 eoncitu's
1095 2451 1203 2538 Mega-

195 2572 294 2642 batus
316 2573 404 2643 clam
438 2576 610 2644 hominem
633 2575 725 2642 misit
746 2577 806 2663 qui
834 2577 956 2644 Naxios
988 2575 1080 2644 aliud
1098 2595 1200 2663 agen-

154 2736 158 2744 ,
195 2705 247 2768 tes
269 2721 380 2788 neque
399 2701 537 2791 periculi
553 2700 739 2790 quidquam
762 2703 972 2789 suspicantes
990 2701 1199 2770 admoneret.
1222 2775 1224 2780 Α

197 2826 233 2891 ln
248 2830 380 2914 paratos
399 2845 479 2914 ergo
495 2827 657 2914 omnique
676 2826 876 2894 detonsione
886 2827 1067 2893 instructos
1087 2826 1204 2893 incidit

196 2952 324 3019 classis.
352 2952 500 3028 Quatuor
525 2972 661 3021 menses
685 2954 805 3021 urbem
829 2953 1005 3022 obsidione
1025 2953 1205 3024 cinxerunt

197 3077 326 3155 Persae;
347 3076 495 3156 tandem,
518 3077 694 3146 deficiente
719 3079 875 3168 pecunia,
899 3077 1077 3146 deficiente
1096 3077 1198 3155 victu,

196 3200 318 3290 opibus
332 3183 366 3268 et
375 3221 435 3289 spe
450 3201 616 3280 exhausti,
631 3202 810 3270 castellum
821 3202 856 3268 in
871 3221 938 3290 quo
949 3200 1084 3269 exsules
1097 3201 1200 3268 collo-

196 3330 320 3404 carent,
338 3330 545 3404 exstruxere,
569 3331 602 3392 et
616 3325 651 3391 in
672 3325 786 3393 Asiam
806 3325 886 3395 vioti
909 3324 1082 3393 redieruut
1098 3325 1199 3410 (500).
1219 3379 1220 3382 ,

240 3450 291 3515 lta
320 3449 454 3527 servati,
486 3449 641 3518 sednon
674 3450 816 3538 longum
848 3451 882 3516 in
915 3455 1051 3538 tempus
1078 3448 1199 3527 Naxii;

195 3595 320 3664 nempe
348 3576 566 3664 Aristagoras,
589 3595 695 3664 quum
724 3578 809 3644 iram
827 3576 920 3664 regis
940 3575 1063 3664 Magni,
1082 3573 1125 3642 ob
1145 3593 1200 3641 ae-

153 3753 156 3759 .
194 3704 326 3788 ceptam
356 3698 499 3778 cladem,
530 3699 737 3778 formidaret,
757 3698 945 3767 rebellione
960 3719 1036 3767 eam
1054 3719 1200 3787 prmrer·

194 3829 264 3892 tere
292 3825 417 3903 statuit,
438 3829 610 3924 totamque
634 3825 762 3893 Ioniam
784 3830 818 3892 et
836 3824 1014 3912 plerasque
1036 3824 1123 3891 Asiae
1144 3823 1201 3889 Mi

194 3950 285 4017 noris
300 3951 430 4017 Graecas
445 3951 594 4018 colonias
607 3950 650 4017 ad
664 3970 758 4018 arma
772 3949 962 4018 concitavit.
981 3950 1066 4016 llum
1075 3946 1199 4014 auxilio

194 4074 353 4163 adjuvere
366 4073 600 4154 Athenienses
614 4073 899 4160 Eretriensesque.
913 4070 1073 4139 Sardibus
1087 4070 1201 4137 incen-

195 4201 239 4268 sis
262 4200 392 4269 bellum
407 4200 540 4291 incepit,
564 4201 656 4290 quod
679 4201 767 4269 inter
781 4200 953 4269 Orientem
969 4197 1201 4266 Occidentem·
1249 4169 1257 4180 ’
