3159 5150
806 578 945 632 ..14-

374 721 465 789 nime
484 719 594 788 diruta
618 719 691 787 fuit.
714 721 885 788 Mororum
907 721 1000 789 frons
1024 726 1165 811 utraque
1179 740 1220 790 ex
1234 722 1374 809 syenitis

373 845 494 935 lapidis
508 845 656 922 molibus
675 845 828 923 conflata,
850 847 923 914 sine
941 823 1104 914 mortario
1119 846 1206 915 inter
1220 822 1256 915 se
1272 848 1372 936 juno-

373 972 427 1051 tis,
447 979 607 1062 apparatu
634 979 766 1042 tanturn
789 996 859 1043 non
883 974 1038 1042 normali.
1060 974 1210 1042 Subinde
1236 975 1374 1042 interior

372 1096 473 1167 facies
492 1099 647 1167 exteriori
660 1120 720 1189 per
734 1100 851 1189 longas
863 1105 937 1167 octo
947 1100 1001 1167 vel
1015 1120 1138 1168 novem
1148 1099 1252 1190 pedes
1262 1099 1373 1168 trabes

373 1221 522 1311 lapideas
536 1223 705 1312 religatur,
722 1244 806 1312 quas
834 1244 896 1292 nos
916 1210 1101 1309 pdrpotuqa
1122 1244 1369 1313 nuncupamus,

372 1345 608 1434 reliquumque
621 1348 782 1437 interjecti
797 1348 830 1415 in
841 1347 954 1422 medio
969 1348 1066 1437 spatii
1076 1348 1218 1437 implent
1225 1346 1369 1415 farturae.

371 1473 559 1556 Errrpleotoo
577 1472 679 1561 igitur
697 1479 747 1541 est
772 1493 869 1562 opus
889 1473 1075 1562 primisque
1097 1472 1273 1541 hellenieae
1292 1472 1372 1540 artis

371 1595 579 1685 temporibus
597 1596 859 1676 attribuendum,
876 1596 934 1664 ubi
949 1595 1109 1686 quadrata
1133 1616 1293 1665 saxorum
1307 1616 1370 1663 11-

372 1740 450 1788 sura
469 1720 671 1789 invalescere
691 1722 800 1810 ooepit.
822 1722 897 1789 Non
907 1720 1041 1789 videtur
1054 1721 1127 1788 haec
1140 1722 1241 1789 turris
1263 1721 1370 1788 muris
1467 1760 1470 1764 ι

371 1844 634 1914 munimentisve
650 1845 729 1912 ullis
743 1845 899 1935 adjuncta
919 1845 1036 1926 fuisse,
1054 1845 1257 1934 quibuscum
1277 1844 1371 1912 urbis

370 1970 425 2036 vel
445 1969 521 2058 pagi
539 1970 789 2037 munimentum
808 1969 994 2059 effingeret,
1017 1968 1077 2038 sed
1105 1970 1177 2037 sola
1196 1970 1231 2035 in
1256 1969 1370 2037 medio

233 2126 240 2139 ·
372 2092 513 2171 stetisse,
521 2092 677 2180 agricolis
691 2092 895 2181 familiisque
910 2093 1107 2161 colonorum
1125 2098 1278 2183 paratum
1294 2112 1370 2181 per-

371 2215 515 2303 fugium,
540 2216 568 2283 si
594 2237 661 2304 qua
681 2216 852 2305 ingrueret
872 2217 1055 2306 piratarum
1078 2217 1188 2286 subita
1209 2216 1367 2284 incursio.

371 2342 487 2427 Neque
501 2340 593 2408 euim
606 2340 663 2408 illa
685 2346 928 2437 aetateptntum
953 2348 1023 2410 erat
1047 2332 1150 2421 mare,
1176 2342 1371 2430 primusque

371 2464 406 2532 in
421 2465 531 2552 AEgaeo
546 2464 683 2532 navium
697 2485 779 2531 usus
792 2464 835 2532 ad
854 2464 1002 2555 praedam
1016 2461 1280 2553 violentiamque
1294 2464 1368 2531 fuit.

371 2590 445 2656 Non
455 2594 569 2657 autem
583 2589 618 2655 in
632 2591 771 2677 parvula
785 2589 844 2658 illa
860 2591 997 2679 planitie
1012 2590 1137 2658 ciuitati
1160 2590 1255 2658 loeus
1279 2595 1368 2666 erat;

371 2714 428 2783 trix
452 2714 511 2782 uni
531 2734 572 2781 ex
592 2712 656 2793 his,
670 2733 760 2801 quas
780 2714 884 2781 Graeoi
906 2697 1027 2783 ‘vocant
1048 2712 1206 2800 Ἑοχατίας,
1225 2714 1369 2802 spatium

275 2906 277 2909 1
373 2838 516 2927 patebat,
530 2836 686 2925 villaeque
695 2838 910 2926 praepotentis
924 2838 1084 2915 hominis,
1096 2838 1238 2925 qualem
1252 2839 1368 2924 Lysta-

372 2963 472 3031 dibus
485 2963 731 3051 Telestagoram
746 2961 906 3030 hahuisse
920 2961 1009 3030 fama
1021 2968 1082 3030 est.

415 3087 539 3155 Forsan
563 3091 597 3154 et
616 3107 727 3176 snpra,
754 3085 798 3154 ad
820 3092 997 3154 extreman
1020 3084 1189 3154 anfractus
1218 3084 1368 3160 dorsum,

371 3232 437 3302 qua
452 3211 520 3279 leni
543 3211 630 3280 olivo
651 3230 750 3280 mons
765 3212 801 3278 in
816 3232 973 3300 eampum
989 3185 1190 3291 extenditur,
1207 3209 1269 3278 fuit
1289 3209 1369 3278 olim

371 3338 478 3417 vicus
490 3337 574 3405 eoin
587 3329 662 3406 loeo
673 3337 735 3426 qui
749 3358 840 3404 nune
859 3340 1008 3421 Tripodes
1024 3336 1155 3404 dieitur.
1170 3336 1265 3405 Unde
1279 3336 1370 3405 enim

371 3462 443 3529 haee
452 3461 581 3531 venerit
593 3462 772 3550 appellatio
784 3467 798 3528 :²
812 3462 883 3540 Quo
895 3462 1057 3530 miraculo
1068 3461 1197 3549 antiqui
1211 3462 1313 3550 hujus
1322 3461 1371 3527 in-

371 3585 549 3653 strumenti
560 3605 685 3653 nomen
695 3605 793 3674 page,
806 3584 985 3673 eidemque
994 3583 1199 3674 praefeeturae
1208 3585 1367 3660 maximo,

370 3709 573 3798 applicatum
591 3708 715 3777 fuerit?
734 3697 923 3777 Verisimile
942 3713 993 3777 est
1013 3728 1032 3777 a
1052 3709 1169 3798 primis
1188 3709 1260 3798 agri
1280 3709 1370 3776 illius

371 3832 498 3900 colonis
526 3833 681 3900 inventos
709 3853 784 3901 esse
807 3832 954 3921 tripodas
977 3832 1107 3922 aliaque
1132 3833 1234 3922 hujus
1264 3832 1367 3911 modi,

370 3955 473 4045 quod,
493 3956 581 4024 lama
593 3955 788 4044 uulgatum,¹
800 3956 835 4022 in
856 3941 1121 4044 designationem
1140 3957 1205 4025 loci
1220 3957 1366 4026 verterit.

371 4080 457 4148 'lum
475 4078 810 4148 animadvertendum
824 4083 958 4147 estnon
982 4080 1093 4148 solum
1107 4080 1172 4149 hoc
1186 4080 1369 4171 Tripodum

371 4224 495 4273 nomen
508 4204 564 4283 ibi,
574 4203 634 4273 sed
644 4191 745 4272 etiam
759 4201 928 4271 anfractus
938 4205 1093 4273 Cataraoti
1109 4212 1144 4274 et
1153 4206 1225 4293 agri
1240 4205 1365 4282 Plaoos,
