3159 5150
846 576 984 631 ..ω-

415 737 557 797 mamm,
588 719 642 786 vel
666 718 860 806 quindecim
891 717 1081 786 sedecimve
1104 717 1240 797 talenta,
1266 715 1412 806 pendere

410 842 559 930 jubetur,
581 862 687 930 quum
710 843 808 923 Parii,
829 863 915 930 quos
934 841 1114 912 verisimile
1129 847 1181 911 est
1194 841 1310 909 minus
1326 861 1410 929 opu-

412 964 521 1032 lentos
535 964 650 1044 fuisse,
667 944 805 1054 triginta
824 965 949 1033 talenta
963 965 1113 1035 conferre
1128 964 1316 1046 debuerint.
1340 964 1411 1045 Quo

412 1093 562 1177 tempore
575 1091 685 1157 Naxos
700 1089 917 1157 obsidebatur
926 1088 967 1168 (¹³,
977 1089 1085 1168 navis,
1097 1108 1164 1175 qua
1178 1087 1363 1163 vehebatur
1377 1088 1411 1154 in

411 1212 524 1279 Asiam
538 1213 741 1302 prosariptus
760 1212 1012 1293 Themistocles,
1030 1213 1064 1279 in
1080 1217 1214 1302 portum
1230 1211 1338 1283 delata
1347 1217 1408 1291 est.

411 1336 521 1412 Ouum
535 1343 658 1418 autem,
675 1343 788 1406 coorta
806 1338 908 1407 atroci
926 1342 1134 1426 tempestate,
1155 1336 1318 1405 anohoras
1332 1336 1408 1425 jari,
1490 1388 1492 1391 .

412 1460 624 1530 doueomare
645 1461 827 1541 sedaretur,
849 1466 956 1529 rector
973 1461 1068 1529 navis
1092 1461 1299 1548 imperasset,
1322 1458 1408 1529 The·
1488 1456 1491 1464 ’

410 1585 579 1655 mistooles
597 1587 719 1667 nautis,
736 1588 812 1674 quis
836 1590 935 1670 esset,
958 1586 1088 1675 aperuit
1107 1592 1140 1653 et
1158 1590 1323 1673 quantum
1346 1582 1408 1651 sibi

410 1710 550 1797 perieuli
570 1711 612 1780 ab
631 1711 893 1783 Atheniensibus
912 1710 1102 1781 immineret
1120 1709 1150 1777 si
1163 1708 1282 1781 adesse
1300 1727 1337 1777 se
1356 1708 1407 1773 in·

410 1833 610 1922 belligerent,
627 1836 773 1924 visitque
794 1841 832 1903 ut
846 1836 908 1905 iter
921 1835 1147 1923 perficeretur.
1173 1834 1242 1901 Rex
1256 1852 1335 1901 eum
1358 1832 1406 1899 vi-

410 1978 496 2037 rum,
510 1966 610 2047 aquo
626 1964 802 2048 superatus
816 1965 896 2039 erat,
909 1959 1027 2048 majori
1040 1959 1153 2029 auimo
1163 1958 1294 2047 excepit
1307 1977 1406 2045 quam

409 2082 605 2171 expuierant
627 2084 747 2159 Greci:
769 2090 880 2155 tutum
898 2085 991 2152 enim
1011 2084 1043 2152 ei
1063 2082 1152 2172 apud
1166 2102 1203 2151 se
1224 2081 1406 2171 hospitium

409 2205 603 2294 reditusque
616 2207 753 2279 urbium
770 2208 861 2279 haud
881 2208 1066 2281 medioeres
1081 2206 1262 2279 coustituit.

445 2331 539 2418 -Ergo
550 2331 584 2397 in
598 2333 691 2399 Naxo
703 2331 842 2418 reliquis
856 2331 975 2399 insulis
989 2331 1086 2418 quasi
1095 2329 1322 2419 praenuutium
1338 2327 1406 2396 edi·
1501 2405 1503 2407 ,

411 2459 486 2521 tum
511 2454 574 2522 fuit
593 2455 729 2544 signum
756 2476 860 2543 quam
887 2460 1012 2525 sortem
1044 2454 1126 2541 ipsis
1150 2452 1405 2532 Atheniensium

407 2578 545 2647 ambitio
561 2583 769 2668 prepararet.
804 2579 900 2648 Brevi
924 2579 1015 2647 enim
1033 2578 1149 2648 Delius
1174 2577 1353 2646 thesaurus
1371 2576 1404 2644 in

408 2702 540 2783 urbem,
566 2703 760 2774 auctoribus
780 2702 911 2793 Samiis,
929 2701 1089 2798 devectus
1115 2706 1194 2772 est:
1216 2702 1334 2770 ceteris
1357 2701 1403 2770 ei-

407 2825 577 2906 vitatibus,
590 2827 672 2895 olim
685 2827 797 2906 soriis,
810 2827 933 2914 jugum
952 2826 1158 2915 impositum,
1175 2825 1356 2914 missisque
1370 2825 1403 2890 in
1435 2897 1437 2900 ,

408 2969 526 3018 omnes
544 2955 653 3039 partes
675 2949 816 3018 coloniis
844 2950 987 3018 servitus
1015 2949 1220 3018 devictarum
1252 2949 1402 3037 gentium

408 3073 656 3142 confirmatae).
675 3072 805 3144 Indueti
818 3073 964 3162 primum
981 3071 1070 3161 apud
1088 3072 1210 3144 Naxios
1228 3051 1403 3164 quingenti

407 3199 530 3279 ooloui,
552 3199 630 3268 dein
643 3199 735 3268 mille
746 3199 814 3279 alii,
828 3198 914 3272 duee
927 3197 1080 3268 Tomida
1091 3198 1135 3279 (³),
1156 3197 1402 3274 serundoanno

408 3322 494 3409 (430)
516 3323 787 3412 Peloponnesiaci
808 3322 901 3392 belli.
933 3321 1043 3390 (baeti
1060 3322 1160 3390 etiam
1178 3322 1402 3412 subjectarum
1434 3417 1437 3423 Α

406 3447 541 3518 urbium
554 3448 711 3522 homines
723 3469 801 3516 suas
819 3448 895 3520 lites
912 3447 1059 3516 Athenas
1074 3446 1215 3529 deferre,
1238 3448 1298 3516 ubi
1313 3447 1400 3538 apud

406 3570 539 3659 pulice
565 3572 754 3652 uibumlia,
770 3571 884 3641 habita
901 3572 994 3670 prius
1014 3571 1049 3637 in
1078 3571 1160 3660 ipsis
1182 3571 1267 3640 loeis
1293 3594 1399 3662 quas-

441 3766 479 3837 ti)
494 3766 629 3833 Tnuorn„
645 3766 666 3829 Ι,
691 3765 749 3820 137,
767 3796 801 3808 -
820 3767 1016 3822 Tnuursrocms
1033 3770 1161 3833 Litteroe,
1185 3783 1252 3838 quas
1273 3759 1409 3838 genuinos¹

405 3855 1204 3924 mmmfflfflmmmwmfflmm·

441 3943 479 4015 (a)
492 3943 602 4000 nimia
617 3983 624 4009 ‚
639 3943 791 4007 Per-ores,
810 3942 851 4008 ιι.
867 3944 944 3997 nna
961 3946 990 4000 A
1002 3946 1182 4030 chersoneso
1198 3929 1266 3998 tdoo
1279 3945 1398 4011 chonon

405 4032 433 4084 in
451 4032 556 4098 Naxon,
570 4031 635 4097 5003
656 4033 684 4084 in
698 4032 816 4096 Andron,
828 4031 889 4086 250.
906 4034 982 4086 Anno
997 4033 1047 4085 444
1065 4050 1090 4085 a.
1106 4031 1132 4085 J.
1147 4031 1176 4084 G.

440 4119 478 4191 (3)
498 4119 631 4186 Prusia,
651 4118 673 4184 Ι,
692 4119 735 4185 27,
763 4119 790 4173 5.
812 4148 847 4161 -
870 4121 1025 4186 Dronoaus,
1043 4121 1094 4187 XI,
1112 4119 1156 4174 88.
1184 4149 1213 4161 -
1238 4122 1399 4190 Aaisrorm,

410 4207 518 4277 Vesper,
532 4206 592 4261 355.
1348 4252 1350 4256 .
