3159 5150
629 607 661 623 -.
682 578 765 634 18⁴..

60 746 63 753 ·
203 723 305 787 atem
329 720 489 807 portaturi
516 719 738 789 descendunt.
772 721 963 810 Praeclpu‘us
990 736 1119 801 eorum,
1146 726 1205 811 qui

183 822 187 827 ,
203 843 413 911 ambitiosius
432 847 564 909 Fluvios
580 846 702 931 (ποταμί)
723 844 827 924 audit,
851 845 995 931 duorum
1018 847 1205 917 rivulorum

203 986 368 1036 concursu
379 969 555 1049 conflatus,
572 970 809 1039 circumfusam
829 970 904 1037 urbi
919 973 1011 1038 Naxo
1031 972 1204 1059 planitiem

203 1093 326 1181 irrigat,
349 1093 452 1182 inque
462 1115 554 1163 mare
569 1095 669 1182 paulo
684 1095 769 1162 infra
778 1116 894 1163 muros
908 1095 1028 1163 effluit.
1046 1096 1204 1164 Planities

203 1216 271 1295 illa,
288 1217 391 1284 totius
414 1217 533 1285 insulae
555 1218 656 1307 longe
674 1219 884 1308 amplissima
902 1220 1202 1308 pinguissimaque,

203 1344 341 1412 nomine
366 1345 500 1433 proprio
523 1345 678 1434 planities
698 1347 925 1433 lulioramo»)
951 1345 1083 1426 dicitur,
1109 1347 1206 1434 quasi

202 1486 278 1555 qum
297 1466 344 1534 ihi
362 1488 430 1535 una
443 1468 486 1535 sit
499 1469 562 1536 hac
576 1468 800 1557 appellatione
815 1469 927 1558 digna.
943 1472 1105 1538 Sensima
1120 1470 1205 1559 pede

203 1592 368 1660 montium
384 1613 492 1680 usque
516 1584 561 1661 ad
582 1593 697 1661 salsas·
708 1593 830 1661 littoris
844 1594 985 1684 paludes
1000 1594 1151 1674 decliuis,
1168 1615 1207 1662 ac
1257 1686 1261 1692 ι
1296 1600 1297 1603 ’

202 1717 448 1804 propemodum
466 1717 623 1797 rotunda,
645 1723 736 1807 patet
757 1719 791 1784 in
817 1718 1031 1788 latitudinem
1055 1719 1205 1807 quinque

203 1840 321 1920 millia,
335 1841 370 1907 in
384 1841 633 1929 longitudinem
648 1861 708 1909 sex
731 1843 836 1910 millia
850 1863 1023 1931 passuum.
1041 1844 1130 1909 Mira
1144 1863 1204 1910 au·
1244 1842 1246 1845 ’

137 2026 139 2035 ,
204 1971 273 2032 tem
285 1971 337 2033 est
349 1965 547 2043 fertilitatis;
561 1986 755 2053 quanquam
769 1968 860 2035 enim
883 1968 994 2035 Borea
1015 1973 1048 2034 et
1064 1967 1205 2054 Zephyri

203 2088 302 2156 flatus
316 2089 412 2157 elatis
423 2088 603 2157 arboribus
617 2090 811 2178 ritibusque
826 2097 956 2169 noceat,
973 2110 1049 2179 quae
1060 2112 1129 2159 non
1139 2091 1206 2159 nisi
1336 2120 1338 2123 ’

204 2213 293 2279 muri
308 2213 449 2301 alicujus
464 2213 605 2282 obtentu
619 2221 781 2294 crescant,
801 2220 924 2294 tamen,
944 2214 1038 2282 nullo
1052 2234 1203 2302 uuquam

204 2336 370 2404 latamine
384 2337 518 2416 refecta,
536 2357 599 2405 nec
622 2338 702 2405 satis
722 2337 809 2406 bene
827 2344 927 2417 arata,
945 2338 1008 2406 lert
1023 2339 1206 2426 quotannis

204 2460 344 2528 alteram
376 2466 539 2549 segetem.
565 2463 693 2550 Nempe
718 2460 777 2528 uhi
805 2468 1039 2529 maturuerunt
1066 2461 1203 2541 hordea,

205 2590 362 2654 seruntur
381 2585 505 2664 herhae,
533 2586 696 2675 phaseoli,
717 2587 800 2674 pisa,
827 2585 923 2665 fahe,
944 2586 1084 2674 aliaque
1103 2587 1206 2675 hujus

204 2709 310 2788 modi,
322 2729 399 2797 quae
411 2716 490 2776 ante
498 2709 647 2778 hiemem
661 2709 789 2777 fructus
804 2708 939 2780 dedere.
956 2708 1007 2776 Ad
1020 2715 1206 2777 extremam

205 2839 317 2900 autem
331 2833 516 2920 planitiem,
535 2854 601 2920 qua
616 2834 760 2901 collibus
774 2833 893 2922 primis
901 2834 971 2922 jam
980 2840 1112 2901 arcetur
1121 2854 1204 2902 ven-

204 2963 271 3036 tus
286 2977 405 3025 omnes
419 2957 665 3026 fructiferarum
682 2958 840 3026 arborum
855 2959 984 3045 species
997 2979 1076 3025 cum
1095 2959 1205 3026 aurcis

204 3081 303 3148 malis
317 3059 582 3169 olivisque'horti
594 3081 712 3169 irrigui
730 3082 837 3149 alunt.

247 3205 299 3272 Ad
317 3205 494 3274 meridiem
508 3205 664 3285 Livadiae,
677 3226 765 3294 pone
783 3206 949 3277 humilem
962 3206 1101 3273 collium
1119 3213 1205 3274 trac-

204 3336 289 3408 tum,
320 3330 355 3396 iu
368 3330 531 3417 exiguum
552 3351 709 3418 campum
729 3330 930 3429 expanditur
946 3330 1116 3398 anfractus
1130 3331 1205 3418 qui-

205 3446 295 3527 dam,
322 3449 482 3516 Cataracta·
503 3450 623 3518 dictus.
658 3452 802 3519 Vocatur
822 3472 960 3541 campus
986 3453 1058 3541 ipse
1094 3457 1203 3532 Plora,

205 3571 277 3640 sive
309 3575 405 3651 Pttlrt,
435 3572 549 3641 idest
579 3574 737 3663 planities
772 3576 907 3663 exigua,
948 3576 1027 3663 xylo
1064 3575 1206 3644 edendo

206 3695 359 3784 aptus<¹t
378 3697 416 3763 ln
443 3697 555 3765 medio
581 3699 665 3786 ejus
683 3698 742 3765 uhi
768 3699 979 3786 aliquantulo
1009 3698 1129 3767 editior
1156 3703 1207 3768 est

204 3820 311 3899 locus,
340 3827 405 3889 stat
425 3823 524 3890 turris
547 3822 724 3891 hellenica
752 3823 917 3900 Quadrata
941 3829 1012 3902 est.
1027 3823 1206 3891 duodecim

205 3945 260 4013 vel
274 3946 503 4032 quatordecim
517 3947 617 4014 etiam
630 3967 721 4013 nunc
740 3947 844 4035 pedes
857 3948 935 4026 alta,
957 3968 1024 4035 qua
1038 3955 1130 4035 parte
1144 3948 1206 4014 mi-

241 4139 278 4210 (l)
292 4139 374 4192 Puta
389 4148 481 4195 vocant
494 4158 553 4194 eam
573 4142 711 4212 planitiem
730 4142 927 4208 scurrarum,
942 4144 962 4208 1,
978 4143 1040 4209 aaa
1056 4144 1203 4204 Priorum.

204 4221 223 4273 l.
237 4237 277 4288 c.;
290 4227 320 4276 et
333 4221 443 4276 Brutus
455 4237 491 4275 mr
502 4222 736 4288 ululantum,
751 4223 824 4275 oter.
838 4224 905 4276 hist.
920 4226 1016 4291 pocy„
1029 4223 1087 4287 Vll,
1103 4223 1203 4275 Naxos.
