3159 5150
479 602 487 618 ·
599 572 790 638 --tts-'

176 733 366 799 harmastus
388 727 528 818 expulit,
548 726 700 814 laetisque
724 725 905 813 Cycladum
927 725 1068 793 urbibus
1086 732 1123 793 ut
1142 726 1181 792 li-
1213 789 1220 801 ,

177 848 314 923 bertatis
333 856 447 920 auctor
466 868 504 918 ac
522 851 694 918 restitutor
711 851 875 938 apparuit.
893 851 938 917 lla
951 849 1088 937 quidem
1103 869 1181 917 vera
1322 846 1323 849 ’

177 980 312 1047 libertas
325 977 493 1044 fultllam
506 976 618 1044 'edocti
632 976 730 1043 malis
744 975 978 1055 Athenienses
989 974 1097 1042 socios
1112 974 1179 1063 pri-

177 1110 273 1162 mum
286 1093 431 1181 benigne
445 1098 479 1160 et
490 1103 568 1160 vere
582 1092 746 1159 socialiter
760 1091 963 1169 hahuerunt,
976 1111 1080 1178 quum
1095 1109 1179 1177 prae-

175 1221 293 1289 sertim
317 1218 407 1288 vires
428 1216 471 1286 ad
497 1215 744 1285 dominandum
768 1214 936 1295 deessent,
957 1235 1067 1304 neque
1086 1215 1182 1282 aliter

176 1355 249 1423 fleri
267 1352 393 1433 Gonon,
416 1366 476 1442 pro
490 1368 555 1420 sua
566 1340 741 1440 sapientia,
759 1369 879 1440 passus
891 1356 990 1418 esset.
1004 1349 1069 1417 Sed
1086 1349 1181 1438 plura

175 1481 315 1569 exsequi
340 1478 522 1547 ilntalcidae
545 1494 625 1567 pace
642 1477 801 1566 prohibiti
817 1481 896 1544 sunt
907 1475 1008 1562 (386).
1025 1474 1180 1542 Laceda-

176 1603 282 1672 monii
297 1604 426 1671 Gratas
439 1602 525 1670 Asia
548 1601 699 1670 civitates
719 1620 838 1691 perum
853 1601 993 1670 honeste
1007 1601 1089 1689 Regi
1104 1619 1180 1689 per-

174 1729 352 1805 miserunt,
373 1726 476 1814 idque
495 1730 678 1793 sanxemnt
704 1730 741 1792 ut
760 1726 893 1792 nnllnm
920 1725 1066 1813 amplius
1093 1729 1183 1792 esset

174 1852 298 1932 hedos,
330 1851 467 1938 suisque
486 1849 619 1938 legibus
648 1850 765 1918 civitas
789 1864 932 1937 quaque
957 1849 1062 1916 libera
1085 1866 1181 1936 rege·

176 1982 279 2046 retur.
302 1975 361 2054 lta,
379 1973 530 2062 spolietis
549 1972 691 2052 aernulis,
713 1973 889 2061 pristinum
908 1974 971 2061 ipsi
998 1972 1183 2060 potentiam

175 2100 356 2177 retinuere,
379 2102 412 2165 et
430 2096 536 2164 classa
548 2114 608 2184 per
622 2098 771 2184 AEgaeum
784 2068 877 2162 mare
896 2095 1105 2173 circumacta,
1125 2114 1182 2181 op

175 2226 332 2292 limatum
364 2227 474 2312 partes
503 2234 621 2289 misus
655 2240 793 2289 erexere
821 2225 855 2288 et
882 2220 1070 2288 hermesias
1102 2239 1182 2286 suos

179 2349 407 2416 restituerunt.

220 2466 283 2534 Ubi
314 2480 394 2534 tero
421 2463 545 2531 Graecia
569 2463 692 2543 omnis,
723 2480 830 2551 quum
853 2462 978 2531 servitii
1002 2469 1180 2551 pertaesum

172 2597 274 2670 esset,
291 2588 552 2679 provocantibus
563 2589 731 2659 Thebanis
747 2588 848 2675 (378),
862 2588 1023 2657 adversus
1034 2586 1182 2656 Laceda-

174 2716 307 2784 monios
334 2714 497 2794 surrexit,
516 2731 646 2781 rursus
674 2715 846 2782 Deliacum
873 2713 984 2782 ioedus
1006 2687 1190 2781 instituere

173 2842 394 2910 Athenienses
409 2847 632 2910 tentaverunt.
650 2842 740 2909 Missi
760 2841 966 2920 Timotheus,
978 2839 1122 2907 Cononis
1138 2839 1178 2905 fi-

174 2971 253 3048 lius,
274 2966 480 3035 Callistratus
508 2972 629 3044 oraton
658 2965 830 3054 ducesque
859 2959 1016 3033 Chabrias
1038 2971 1072 3033 et
1091 2963 1178 3053 lphi-

174 3099 293 3172 orates,
310 3092 369 3180 qui
379 3092 563 3160 maritimas
574 3109 693 3161 omnes
703 3092 804 3161 nrbes
820 3092 1001 3161 invitarent
1015 3096 1052 3159 nt
1063 3109 1179 3159 secum

174 3219 369 3287 societatem
380 3217 572 3305 jungerent,
588 3235 665 3305 quae
686 3233 903 3285 communem
922 3216 1109 3285 libertatem
1124 3220 1178 3281 td·

155 3313 310 3410 reretur.
326 3341 388 3408 llas
402 3343 516 3408 cutem
540 3340 749 3408 conditiones
764 3340 983 3429 preferebant
997 3355 1040 3407 ne
1059 3359 1177 3406 rursus

175 3465 332 3554 lngrucre
360 3469 474 3553 posset
499 3463 591 3552 prior
613 3464 812 3543 dominatio;
834 3464 918 3531 nihil
941 3464 1007 3531 nisi
1034 3484 1076 3532 ex
1099 3483 1177 3531 sen-

176 3589 281 3658 tentia
294 3587 427 3656 concilii
443 3587 632 3656 communis
648 3588 849 3676 imperatum
864 3588 914 3667 iri,
926 3588 1017 3676 quod
1029 3587 1071 3654 de
1084 3607 1176 3654 com-

175 3712 337 3781 munibus
363 3712 518 3801 negotiis,
541 3713 870 3801 dequecriminihus
897 3713 1093 3802 proditionis
1121 3735 1176 3780 co-

175 3843 371 3927 gnosceret3
400 3836 494 3904 nulla
525 3843 637 3905 autem
656 3838 727 3905 iore
759 3838 918 3927 deinceps
941 3839 1080 3918 tributa,
1117 3837 1177 3906 sed

175 3961 277 4030 urbes
296 3961 486 4051 pecuniam,
502 3967 812 4052 quantumcumque
826 3957 963 4041 vellent,
982 3961 1100 4051 sponte
1112 3961 1178 4028 col-

176 4083 312 4153 laturas.
330 4081 401 4154 Hoc
415 4083 527 4153 statim
541 4091 726 4175 acceptum,
748 4097 891 4177 parsque
910 4086 1089 4174 Cycladum
1104 4095 1176 4153 ma-

178 4230 255 4300 gna,
275 4209 413 4291 nubea,
430 4210 540 4290 onos,
565 4193 692 4292 samos,
707 4212 808 4279 urbes
823 4211 859 4280 in
875 4209 1176 4286 rontemnere
