3159 5150
801 595 938 648 „42-

292 824 296 835 ¹
366 736 447 805 urbs
466 736 683 804 confunditur
699 761 707 815 ;
726 735 846 804 codem
860 756 953 814 vero,
970 757 1037 823 quo
1056 757 1158 816 nuno,
1176 736 1250 803 loco
1269 735 1368 803 sitnm

365 862 470 929 luisse
489 881 564 930 eam
587 861 746 940 vidimus,
781 859 873 949 quod
895 859 1027 928 effossis
1050 860 1213 949 sepulcris
1232 860 1369 948 inscrip-

365 975 596 1072 tionibusque,
624 985 835 1053 exstantibus
863 1004 1038 1051 murorum
1070 983 1239 1073 partibus,
1266 972 1369 1072 'atque

365 1129 531 1199 perpensa
548 1107 654 1198 ipsius
667 1111 752 1178 situs
767 1110 1014 1199 opportunitate
1028 1111 1257 1177 confirmatur.

410 1235 516 1312 Quam
534 1240 698 1303 memorat
712 1236 900 1325 Stephanus
924 1236 1125 1323 Byzantinus
1145 1237 1307 1318 Trcqaecm
1326 1234 1369 1300 ci-

366 1364 515 1441 vitatem,
529 1363 564 1429 in
579 1363 731 1431 orientali
746 1364 865 1431 insulae
874 1367 978 1452 parte,
999 1362 1058 1430 ubi
1067 1362 1230 1451 Apollona
1240 1366 1367 1450 portus,

366 1493 399 1557 ct
412 1488 584 1577 inscriptio
600 1494 730 1577 reperta
747 1487 911 1578 Apollinis
933 1488 1063 1556 nomini
1085 1492 1288 1567 consecrata,
1311 1507 1368 1576 po

368 1615 466 1683 sitam
477 1613 727 1692 diximus.Quid
735 1614 827 1684 essim
841 1615 1028 1705 Stephanus
1038 1619 1050 1680 i
1062 1624 1213 1702 ((Τραγαῖα
1223 1618 1278 1681 ἐστὶ
1291 1620 1372 1690 πόλις

368 1750 397 1811 ἐν
409 1744 503 1828 Νάξῳ,
521 1749 550 1808 ἐν
565 1746 584 1833 ᾖ
597 1750 708 1830 τράγιος
725 1740 874 1810 Ἀπόλλων
892 1755 999 1826 τιμᾶται
1006 1741 1036 1796 (¹)
1046 1769 1075 1835 ·.''
1092 1744 1227 1811 Certum
1240 1745 1292 1810 est
1311 1761 1371 1808 au-

368 1872 439 1936 tem
457 1888 498 1935 ex
512 1868 727 1957 inscriptione
749 1867 940 1936 dedicatum
958 1867 1064 1935 fuisse
1093 1866 1219 1935 Phoebo
1238 1866 1351 1933 locum
1360 1889 1369 1944 ;

371 1995 431 2063 ubi
444 2000 573 2064 ,autem
609 1997 685 2085 jure
725 1995 858 2064 meliori
891 1994 1022 2063 adorari
1054 1993 1164 2083 potuit
1196 1992 1372 2082 pastoralis
1423 1982 1426 1986 ⁴

371 2120 503 2209 Apollo,
534 2120 776 2209 baedorumque
802 2125 980 2210 protector,
1003 2119 1069 2187 nisi
1093 2113 1128 2187 in
1161 2140 1200 2188 ea
1232 2120 1371 2208 regione

370 2264 445 2332 qum
460 2244 698 2313 vixirumenta
715 2245 903 2332 vinumque
922 2245 1048 2334 gignat,
1067 2245 1127 2313 sed
1149 2250 1217 2314 tota
1232 2224 1374 2312 collibus
1460 2287 1462 2289 -
1572 2344 1573 2351 ἵ

373 2368 613 2457 montibusque
641 2375 807 2459 cooperta,
839 2368 951 2438 dumis
977 2375 1011 2439 et
1032 2370 1192 2460 vepribus
1215 2368 1370 2446 obducta,

371 2496 549 2586 pecoribus
577 2496 679 2564 modo
696 2496 825 2564 victum
849 2496 1062 2587 suppeditet?
1090 2495 1212 2564 Ovium
1231 2494 1373 2584 capella-

371 2641 514 2709 rumque
532 2622 568 2688 in
591 2620 751 2710 gregibus
774 2621 845 2690 fere
866 2642 985 2689 omnes
1009 2621 1133 2709 positae·
1159 2624 1239 2688 sunt
1270 2619 1373 2708 hujus

371 2745 659 2834 provinciaeopes.
879 2749 881 2754 ’
1220 2739 1222 2755 “

413 2871 553 2938 Restant
589 2869 656 2936 duo
689 2871 826 2938 nomina
846 2871 889 2938 ab
914 2871 1131 2938 historiarum
1155 2845 1374 2959 scriptoribus

371 2981 511 3071 tradita:
527 3014 635 3061 unum
650 2992 692 3061 ab
702 2993 890 3075 Aristotele,
904 2994 935 3050 (ἲ)
950 2995 1009 3083 qui
1024 2995 1104 3062 dicit
1114 2995 1326 3084 Lystadibus
1340 2995 1375 3061 in

370 3114 450 3184 villa
469 3115 540 3194 sui,
562 3115 714 3185 babitare
729 3117 870 3187 divitem
886 3119 1145 3207 Telestagoram
1167 3119 1310 3187 alterum
1333 3116 1375 3186 ab

369 3243 531 3312 Andrisco
546 3243 598 3323 (³),
619 3246 678 3334 qui
707 3253 817 3315 narrat
841 3248 960 3317 Delion
985 3268 1060 3317 esse
1085 3247 1127 3315 ab
1147 3249 1298 3337 Ephesiis
1319 3269 1374 3316 ur·
1470 3260 1475 3270 ’
1574 3205 1575 3246 ἶ

371 3362 459 3435 bem‘
481 3371 612 3437 Naxum
643 3371 960 3440 circumsidentibus
984 3376 1129 3461 captum.
1160 3373 1276 3440 Vicina
1302 3392 1376 3442 esse

372 3494 447 3561 urbi
462 3493 534 3563 loca
568 3494 625 3563 illa
639 3501 785 3577 constat,
822 3520 929 3586 quum
954 3489 1117 3587 juvenes
1144 3499 1202 3587 qui
1230 3497 1376 3566 Teleste-

372 3639 488 3709 goram
510 3622 630 3711 injuria
648 3623 842 3704 affecerunt,
866 3626 1044 3695 uideantur
1067 3646 1107 3693 eo
1145 3625 1231 3691 intra
1252 3625 1378 3712 aliquot

372 3741 472 3812 boras
485 3747 692 3833 pervenisse,
714 3753 747 3817 et
762 3749 880 3817 Delion
903 3751 989 3817 inter
1008 3749 1135 3817 moenia
1157 3748 1251 3816 urbis
1269 3768 1376 3837 oppu-

407 3999 444 4072 (A)
462 4000 582 4058 Euromo
595 4008 709 4062 scribit:
728 4024 745 4061 c
762 4008 885 4088 Τραγέα.
901 4027 917 4061 n

408 4105 445 4178 (2)
460 4100 567 4179 Ναξίων
581 4109 707 4175 πολιτεία
724 4131 732 4175 t
749 4113 899 4190 Androtion.

321 4267 326 4276 ·
410 4211 448 4283 (3)
462 4208 589 4289 Notium
607 4236 614 4280 :
633 4225 755 4295 Fraym.
773 4223 839 4276 list.
857 4221 953 4279 (ἔναυ.
964 4219 1077 4292 (Didot).
