3159 5150
626 518 767 573 ..33-

195 667 249 726 tur
263 659 306 738 (¹),
335 660 444 728 stabat
471 662 638 728 Duearum
653 661 856 729 Venetorum
878 661 987 742 sedes
1016 667 1107 731 turre
1125 685 1200 732 rnu-

195 787 276 865 nita,
292 786 384 857 unde
402 792 556 875 poterant
569 788 671 856 totius
692 787 931 855 dominationis
950 808 1019 859 suae
1038 809 1198 878 eonspee-
1256 790 1258 793 ’

196 915 269 977 tum
287 911 445 999 ampleoti
461 910 503 978 (ἲ).
529 912 712 983 Ameridie
735 911 778 978 ad
804 912 947 981 Boream
974 913 1199 1001 circumspec-

196 1006 344 1103 tantibus
357 1036 553 1107 visebantur
567 1038 675 1125 primo
691 1037 838 1116 Sikinos,
852 1036 1089 1123 PolyoandroS,
1105 1038 1197 1113 Nios,

196 1160 327 1229 Heracli
342 1162 504 1249 scopulus
516 1166 561 1242 et,
575 1163 609 1228 in
618 1163 712 1257 Paro,
726 1161 803 1229 alba
813 1162 934 1230 Lellres
948 1168 1035 1231 teeta
1043 1163 1200 1251 pistrina-

183 1306 262 1372 que
280 1287 451 1366 Naoussee,
469 1288 538 1355 alas
553 1286 596 1355 ad
610 1293 749 1356 ventum
765 1287 1009 1377 expandentia;
1031 1295 1104 1355 turn
1115 1289 1202 1358 ultra

197 1411 340 1480 oaerulea
361 1413 464 1481 meris
489 1414 606 1501 spatio,
632 1413 786 1502 Siphnos,
816 1414 910 1491 Ceos,
933 1415 1044 1500 Syros,
1063 1414 1199 1491 Euboea,

195 1535 338 1614 Andros,
361 1537 481 1615 Tenos
493 1539 663 1624 Myconos,
682 1538 884 1626 geminaque
904 1538 1015 1606 Delos.
1028 1537 1201 1606 Adorien-

196 1666 266 1726 tem
280 1681 360 1728 vero
377 1661 549 1730 conversis
569 1661 706 1731 Liradia
724 1667 792 1729 tota
812 1662 957 1751 patebat,
979 1663 1064 1733 nasis
1087 1662 1201 1730 eandi-

197 1785 284 1854 detis
304 1789 501 1876 sacellisque
530 1788 696 1868 distincta,
724 1788 857 1858 olivetis
881 1792 914 1855 et
932 1787 1101 1855 messibus
1124 1786 1204 1852 hino

197 1912 291 1979 illine
306 1913 520 1994 intermixtis
539 1919 650 2002 atque,
673 1913 761 1980 ultra
784 1912 899 1979 hortos
915 1911 950 1978 in
972 1912 1091 2000 primis
1104 1930 1202 1977 mon-

197 2036 283 2102 tium
301 2035 548 2105 declivitatibus
560 2037 709 2127 ipsisque
720 2036 931 2105 anfractuum
946 2034 1099 2103 faucibus
1110 2054 1203 2123 spar-

199 2181 266 2240 sos,
289 2162 472 2249 surgebant
485 2162 547 2231 Ziae
571 2167 605 2230 et
630 2161 814 2231 Coronides
841 2160 1028 2241 ratumne,
1056 2160 1205 2226 nubibus

198 2286 398 2374 plerumque
424 2287 542 2353 uineta.
573 2288 614 2353 Ut
645 2286 743 2355 facile
772 2286 944 2353 intellectu
971 2285 1025 2363 sit,
1043 2305 1112 2351 non
1131 2284 1205 2352 sine

198 2388 322 2501 niagno
342 2404 490 2497 quodam
505 2408 621 2477 dolore
637 2410 760 2499 palatio
783 2410 832 2475 illi
855 2408 1069 2490 valedixisse,
1084 2410 1119 2475 in
1133 2428 1204 2475 ser-

199 2536 341 2604 vitutem
360 2557 380 2604 a
401 2537 517 2605 Tureis
544 2535 707 2616 redactos
725 2540 773 2603 tot
793 2534 982 2602 insularum
995 2554 1056 2624 per
1070 2535 1132 2603 tria
1155 2554 1206 2603 se·
1311 2575 1315 2582 ·

200 2661 276 2729 aula
295 2662 464 2730 dominos.
486 2664 584 2729 Nuno
612 2662 723 2730 diruta
749 2661 852 2727 turris
874 2659 1049 2748 planitiem
1063 2659 1203 2747 effingit,

199 2789 302 2869 unde,
319 2790 447 2877 quasia
461 2781 609 2879 sperula,
632 2789 748 2857 ineolae
763 2788 901 2856 navium
924 2786 1109 2853 adventum
1127 2805 1204 2873 pro-

200 2921 361 3004 spectant.
632 2885 635 2892 ¹

245 3041 346 3107 Plena
361 3044 413 3108 est
430 3039 512 3107 urbs
527 3037 752 3105 marmoribus
762 3036 921 3123 antiquis
939 3036 1011 3104 sive
1024 3034 1206 3123 parietibus

201 3164 380 3231 domorum
412 3164 564 3242 inclusio,
599 3163 669 3231 sive
701 3161 868 3229 scalarum
892 3159 1051 3249 gradibus
1070 3159 1183 3226 infixis
1195 3181 1203 3236 ;

200 3290 295 3357 nullo
308 3309 412 3378 prope
436 3289 594 3369 fenestra,
616 3288 719 3354 nullae
741 3288 830 3354 fores
856 3307 925 3354 non
945 3284 1072 3373 aliquid
1096 3285 1207 3351 simile

201 3417 337 3497 habent,
356 3406 532 3503 totumque
560 3416 732 3505 palatium,
758 3421 791 3483 et
809 3415 916 3504 major
944 3411 1071 3480 castelli
1090 3431 1205 3478 muro-

200 3562 277 3608 rum
292 3559 368 3630 pars
386 3540 465 3609 inde
487 3540 630 3624 conflata
643 3548 725 3608 erat.
749 3540 824 3624 Rari
844 3537 1206 3607 tamenoolumnarum

200 3667 329 3745 trunei;
350 3683 427 3733 nam
457 3665 581 3754 quihus
602 3664 771 3731 columnis
791 3661 992 3730 cathedralis
1016 3662 1206 3729 Graeeorurn

237 3861 273 3932 (1)
287 3862 359 3936 Ross
370 3861 621 3932 (Arcvbeoloqiscbe
632 3862 784 3931 Auferam,
793 3859 900 3911 Zweite
910 3857 1094 3924 Sommlunp,
1102 3855 1205 3925 p.158)‚

201 3941 256 3995 edit
274 3942 397 4011 Diploma
417 3940 526 3994 loannis
549 3941 597 4003 IV,
622 3942 662 3996 ita
687 3941 894 4012 subscriptum:
916 3945 935 3989 «⁸
950 3940 1046 3991 Actum
1068 3938 1207 3990 innostro

201 4022 290 4074 ducali
304 4023 403 4090 palatio
416 4022 499 4074 castri
505 4021 647 4079 inferioris
660 4020 758 4073 Naxio.

237 4100 275 4170 (2)
290 4100 328 4153 Do
348 4102 400 4155 hoo
413 4100 549 4154 Duronum
565 4100 682 4154 castello
699 4099 759 4152 vide
774 4097 879 4161 :Roas
896 4098 946 4167 Op.
962 4100 1023 4161 cit,
1037 4095 1119 4166 p.25‚
1134 4112 1165 4146 n·
1177 4093 1203 4145 6.

202 4212 236 4222 -
250 4182 282 4234 G.
298 4181 413 4237 Frunnr.
426 4180 573 4233 Medieoal
589 4180 704 4244 Graece,
719 4197 746 4248 p.
765 4178 827 4231 324.
1127 4248 1137 4286 3
