3159 5150
805 580 943 633 ..44-

374 738 492 806 gnum,
511 719 652 787 eredunt
665 720 818 809 plerique
837 722 901 788 hoe
925 725 1022 791 toties
1037 730 1245 792 recantatum
1259 725 1376 793 vinum

375 863 416 910 ex
439 842 586 931 quedam
609 844 719 933 speeie
742 845 820 913 vitis
839 853 1040 936 prognatum
1055 844 1097 926 (¹),
1120 869 1206 935 quae,
1237 847 1379 915 Biblinie

376 970 474 1073 diota,
491 991 532 1039 ex
547 974 640 1040 Naxo
650 974 704 1040 vel
723 975 786 1041 elie
797 975 944 1062 quadam
958 977 1096 1065 regione
1107 977 1249 1044 oriunda
1257 977 1358 1046 inerit
1367 1002 1374 1056 ;

375 1095 462 1163 hano
476 1101 590 1163 eutem
604 1097 820 1184 potissimum
838 1099 1011 1186 regionem
1027 1120 1130 1167 unam
1145 1118 1220 1166 esse
1233 1097 1378 1171 Threoiae

375 1224 504 1306 partem
519 1219 659 1286 Bibliam
674 1225 732 1288 eut
747 1221 914 1288 Biblinam
925 1223 979 1290 vel
994 1221 1199 1289 Bimblinam
1213 1226 1375 1302 vocatam,

377 1345 431 1412 oui
446 1345 559 1413 Biblos
573 1322 698 1415 fluvius
717 1348 897 1416 interfluat.

421 1471 527 1539 Simili
548 1472 662 1553 mode,
690 1473 747 1544 uhi
766 1475 948 1563 quaerenda
974 1476 1018 1542 sit
1036 1475 1118 1542 urbs
1134 1477 1231 1558 Nysa,
1262 1475 1381 1543 Baeohi

377 1597 492 1687 patrie,
510 1599 687 1667 incertum.
698 1600 788 1686 Nysa
804 1601 945 1668 enimin
965 1606 1081 1668 monte
1095 1600 1150 1668 vel
1165 1601 1248 1668 urbe
1263 1606 1380 1669 netum
1482 1666 1485 1674 .

378 1741 457 1789 eum
490 1726 642 1790 constat:
668 1748 684 1784 «
697 1727 744 1802 Εἰς
764 1733 894 1792 Νύσαν...
925 1734 1099 1811 γεγονέναι»
1128 1726 1173 1793 ait
1191 1723 1381 1795 Herodotus

341 1914 343 1921 ,
380 1846 433 1931 (11,
459 1848 530 1934 144)
552 1870 630 1916 oum
650 1869 717 1937 quo
732 1852 898 1918 consentit
913 1852 1080 1919 Homerus
1096 1849 1138 1918 (²).

526 2041 600 2143 'Euri
612 2051 642 2111 δέ
655 2073 694 2123 τις
708 2054 796 2127 Νύση,
814 2025 915 2113 oraro
927 2051 1002 2133 ὅρος,
1020 2052 1116 2114 irrisor
1130 2054 1197 2136 ὕλῃ.
1206 2100 1226 2113 ..

524 2176 613 2250 Νύσης
625 2175 653 2235 ἐν
667 2175 783 2256 γυάλοις
795 2180 949 2256 γεγονέναι.

381 2366 503 2432 Decem
534 2372 647 2434 eutem
676 2365 778 2435 urbes
792 2367 866 2453 ejus
881 2367 1041 2445 neminie,
1059 2366 1218 2434 omnibus
1233 2386 1275 2434 ex
1294 2366 1385 2433 orbis

381 2489 543 2581 partibus,
559 2492 713 2580 AEgypm,
738 2487 843 2568 India,
869 2490 1051 2569 Phoenicia,
1080 2490 1283 2579 Graeoiaque‚
1314 2492 1384 2558 Ste-

382 2614 515 2704 phanus
534 2615 735 2703 Byzantinus
751 2621 936 2696 enumeret,
960 2637 1035 2703 quae
1061 2616 1149 2685 inter
1168 2637 1206 2685 se
1228 2621 1321 2684 tento
1344 2615 1386 2683 de
1459 2685 1463 2692 ,

382 2739 510 2807 honore
540 2745 667 2808 certent
678 2764 687 2821 3
719 2741 807 2808 inter
829 2740 911 2808 alies
944 2747 1057 2809 autem
1090 2740 1174 2808 duas
1206 2741 1382 2820 excellere,

384 2885 487 2932 unam
498 2866 533 2931 in
547 2866 652 2945 Naxo,
669 2865 809 2934 alteram
828 2866 863 2932 in
879 2865 1015 2944 Euboea,
1038 2863 1129 2954 apud
1147 2885 1231 2953 quas
1241 2864 1386 2933 mirabili

383 2987 529 3079 quedem
544 2990 603 3056 Dei
622 2988 867 3078 benevolentia,
889 2988 969 3056 vitis
985 2988 1106 3056 eodem
1121 2987 1174 3056 die
1189 2993 1223 3056 et
1239 2988 1320 3056 folia
1340 2987 1386 3055 si-

384 3114 457 3182 mul
471 3118 504 3181 et
521 3113 650 3181 fruetus
665 3112 759 3181 ierat.
784 3114 924 3181 Naxium
938 3114 1041 3202 igitur
1058 3116 1195 3201 Nysam,
1213 3113 1387 3182 meridiem

336 3265 342 3278 ¹
385 3260 515 3319 versus,
540 3240 574 3305 in
593 3239 864 3327 Ariovesaeegm,
889 3239 947 3306 uhi
961 3244 1027 3306 stet
1040 3238 1141 3306 turris
1155 3238 1385 3315 Chimerrhou,

382 3367 458 3455 jure
477 3363 669 3453 ponendam
692 3364 844 3432 arbitror.
879 3365 940 3431 Hie
954 3364 1058 3444 enim,
1079 3383 1273 3451 quanquam
1289 3362 1389 3430 hodie
1498 3387 1499 3390 ¹

386 3511 455 3558 non
486 3488 607 3569 culino,
634 3488 829 3578 aptissimus
861 3488 985 3557 vitibus
1017 3489 1123 3566 loeuS,
1155 3487 1269 3574 ibique
1300 3485 1390 3555 sedis

386 3614 532 3703 entique
546 3614 687 3703 vestigia
710 3619 881 3704 apparent.
911 3615 1013 3681 Drion
1041 3632 1120 3681 vero
1147 3616 1309 3690 montem,
1332 3610 1390 3678 ubi

387 3739 550 3809 educatus
568 3740 710 3809 refertur
722 3740 852 3828 Jupiter
866 3737 981 3838 13111111
995 3737 1145 3805 Bacchus
1159 3734 1189 3790 (⁴)
1212 3736 1391 3804 Ariadnam

424 3965 462 4037 (1)
477 3966 595 4031 Arnum,
612 3965 697 4031 1‚5o;
714 3965 748 4027 ΙΙ,
764 3963 808 4019 38.

425 4054 461 4126 (2)
475 4053 597 4139 ΨΜ,
612 4069 688 4119 xxvr,
705 4053 736 4119 83
751 4067 818 4113 xxv,
832 4050 859 4105 5.

422 4142 459 4216 (3)
473 4143 603 4208 Dionen,
617 4142 652 4204 V,
667 4141 712 4196 51.

425 4233 462 4305 (4)
477 4233 644 4299 Ennrosrn„
660 4232 812 4293 Catooter„
831 4229 865 4296 11,
878 4227 921 4284 30.
938 4256 972 4271 -
990 4228 1161 4291 nemesin„
1176 4217 1312 4295 Ναξιακά.
