3159 5150
787 585 926 637 ..64-

298 776 300 780 -
323 757 325 759 >
357 725 434 793 dam
453 725 632 792 fluminum
650 727 744 807 ostia.
763 727 790 791 A
816 726 897 794 Delo
916 746 995 794 vero
1012 726 1052 805 (ΙΙ,
1083 726 1268 793 insularum
1283 748 1356 794 onr-
1387 714 1391 722 ’

356 848 451 914 nium
470 849 576 937 eapite
596 855 629 915 et
654 840 754 937 quasi'
778 855 904 927 uentre,
930 850 1059 916 circiter
1080 850 1229 937 quinque
1244 858 1277 918 et
1295 851 1354 916 tri-

330 971 447 1059 .ginta
481 970 632 1046 millibus
668 992 828 1060 passuum
863 978 992 1039 remota
1028 979 1089 1040 est.
1122 974 1232 1041 learns
1262 993 1354 1049 vero,

354 1094 540 1183 Sporadum
550 1096 712 1183 proxima,
731 1094 849 1163 dedam
863 1101 896 1163 et
907 1073 1038 1185 septem
1052 1097 1158 1164 millia
1168 1118 1357 1186 passuuma

353 1220 444 1285 Naxo
460 1218 555 1285 abest
569 1216 612 1283 (ΙΙ.

398 1343 546 1410 Primum
555 1342 673 1410 insulae
684 1343 914 1412 vocabuluma
927 1344 1035 1413 forma
1043 1345 1187 1412 inditum
1199 1345 1352 1424 rotunda,

352 1468 476 1558 quippe
495 1470 620 1536 multos
647 1490 707 1557 per
728 1490 835 1537 annos
855 1472 1022 1554 Stronpyto
1036 1470 1066 1524 (³)
1086 1471 1203 1539 audiit.
1217 1475 1311 1536 Diam
1327 1471 1354 1524 (⁴)

353 1594 475 1664 deinde
505 1617 629 1664 nomen
649 1596 690 1663 ab
720 1596 781 1663 Oto
810 1602 844 1664 et
872 1597 1022 1685 Ephialta
1053 1598 1220 1685 accepisse
1246 1604 1356 1665 narrat

305 1726 312 1740 '
352 1723 517 1818 Diodorus
548 1722 698 1809 (Wadi),
722 1723 791 1791 sire
813 1743 855 1790 ex
877 1722 1056 1802 fertilitate,
1074 1723 1144 1789 sire
1167 1722 1201 1788 in
1224 1741 1352 1789 memo-

256 1846 258 1850 ’
352 1847 435 1913 riam
452 1852 608 1913 natorum
622 1844 908 1932 adunatorumque
923 1845 968 1911 ihi
978 1847 1123 1912 Deorum
1131 1869 1139 1923 ;
1153 1843 1353 1931 tandemque

352 1973 468 2038 Naxon
484 1992 525 2038 ex
545 1991 605 2037 suo
624 1970 730 2059 ipsius
743 1970 880 2036 nomine
896 1969 937 2036 ab
948 1969 1050 2036 heroe
1060 1969 1152 2035 Naxo
1169 1966 1208 2048 (⁵),
1232 1967 1353 2034 dietam

353 2096 469 2175 fnisse,
501 2115 561 2163 sen
585 2094 696 2160 Dianae
722 2062 1020 2180 Endymionisqne,
1047 2113 1107 2159 seu
1134 2092 1297 2181 Apollinis
1321 2100 1354 2158 et

350 2219 568 2298 Aoaoallidos,
582 2218 714 2285 Cretioae
725 2217 894 2305 nympha,
910 2217 992 2296 filio,
1005 2218 1062 2305 qui
1074 2217 1243 2284 Cariorum
1260 2216 1352 2303 stirpi

351 2349 401 2413 est
415 2343 645 2412 ascribendos.
669 2330 738 2420 Dia,
762 2342 882 2443 Thesei
900 2342 1011 2409 adhuc
1034 2341 1242 2429 temporibus
1253 2364 1262 2419 ;
1284 2342 1350 2406 Ho-

351 2469 434 2538 meri
452 2478 564 2537 autem
579 2469 650 2556 jam
668 2469 778 2534 Naxos
793 2468 974 2535 vocabatur
988 2465 1030 2532 (ὅ).

394 2594 500 2684 Fuere
513 2599 625 2660 tamen
653 2591 776 2680 quibus
803 2591 968 2659 fabulosa·
983 2592 1059 2670 haeo
1077 2591 1225 2660 nominis
1251 2592 1352 2680 hujus

351 2720 443 2807 origo
470 2738 539 2785 non
572 2717 725 2806 placeret,
757 2717 883 2804 quique
913 2717 977 2784 alia
1004 2717 1186 2783 commenti
1215 2715 1348 2783 fuerint.

350 2848 445 2922 Nam,
475 2840 734 2929 si-qnihusdam
758 2839 874 2908 eredas
889 2839 929 2918 Nl,
955 2843 1045 2920 Νάξος
1071 2840 1162 2908 idem
1184 2847 1235 2908 est
1261 2840 1352 2928 qnod

350 2971 505 3038 Doricum
520 2967 662 3035 verbum
681 2980 760 3045 νᾶσος
775 2965 867 3055 quod
882 2948 978 3051 aanor,
996 2971 1154 3045 torulum,
1173 2967 1347 3055 significat.

349 3094 445 3184 quasi
458 3095 569 3160 Naxos
586 3092 628 3158 sit
646 3098 665 3177 ἡ
686 3098 746 3160 κατ’
767 3094 868 3178 ἐξοχὴν
886 3104 978 3175 νῆσος,
997 3091 1150 3158 omnium
1165 3075 1351 3157 insularum

349 3218 614 3308 pulcherrimaet
627 3218 764 3285 nomine
779 3217 843 3283 isto
856 3215 1065 3303 dignissima.
1078 3214 1249 3302 Siquidem
1262 3212 1350 3303 apud
1372 3221 1376 3229 “

326 3533 335 3547 ·
384 3518 421 3590 (Ι)
436 3515 541 3582 Soura,
556 3535 594 3584 xi,
610 3517 652 3574 31.

385 3608 524 3678 (2)Pn1u.‚
540 3609 576 3660 H.
593 3608 631 3661 N.
660 3624 696 3668 ιν,
711 3607 755 3661 23.

385 3698 421 3769 (3)
436 3700 605 3759 Aoniosrn„
616 3689 756 3769 ¹Nedao-aot,
774 3695 825 3749 Fr.
841 3693 915 3749 Hiat.
932 3695 1024 3749 Graec.
1040 3697 1152 3768 (Didot).
1169 3727 1203 3736 -
1219 3693 1349 3760 Dionen„

348 3786 647 3851 1v‚50‚51.-P1.1N.‚
664 3785 878 3852 H.N.‚1v‚22.
932 3843 934 3848 s

382 3874 420 3945 (4)
434 3865 596 3940 Tanoorur,
615 3875 647 3935 ΙΙ,
669 3873 713 3927 lo.
734 3905 768 3914 -
785 3876 898 3933 Arnum,
914 3872 1017 3937 iinon,
1037 3889 1074 3937 iv,
1092 3872 1278 3936 4³24‚133.-
1296 3871 1351 3925 Cn-

346 3960 580 4026 runn.‚nx1v‚52‚
599 3960 658 4013 lat.
675 3991 707 3999 -
722 3961 812 4023 Ovm„
829 3959 861 4009 A.
875 3960 919 4025 A„
935 3960 955 4017 l,
972 3958 1038 4025 5283
1054 3959 1134 4022 Met,
1152 3959 1197 4023 ΙΙΙ,
1209 3958 1271 4021 597,
1287 3957 1348 4011 687;

382 4049 418 4119 (5)
434 4051 520 4125 Anax.
536 4049 693 4113 Ponxarsr.‚
711 4048 833 4112 Cretica,
845 4047 896 4098 Fr.
912 4046 986 4100 Hiar.
1004 4046 1095 4098 Groec.
1112 4046 1223 4113 (Didot).

384 4137 420 4208 (d)
435 4137 543 4206 Hymn.
560 4136 689 4200 noma,
705 4151 780 4200 xxvi,
800 4136 823 4199 l;
841 4137 861 4198 Ι,
876 4135 919 4191 lt.

383 4223 418 4296 (7)
433 4224 584 4294 Mamurra,
601 4224 716 4293 Geoyr..
732 4217 834 4293 Νάξος.
