3159 5150
540 577 543 581 ’
604 572 760 627 -109-

183 696 320 787 omnino
354 716 559 794 dissolvere,
593 714 767 801 Delonque
799 707 1062 778 Atheniensibus
1095 704 1185 773 dono

184 841 306 910 dedere
322 840 409 928 (167)
431 839 475 906 <¹1ss
493 840 598 907 Annis
622 842 738 927 posteo
751 836 868 925 viginti
880 834 1002 902 Graeoie
1015 831 1184 909 universe,

184 966 314 1034 sublata
332 965 466 1055 penitus
486 963 650 1042 libertate,
669 961 733 1029 sub
749 957 1000 1036 titulvoheiae,
1013 957 1185 1042 interpro-

184 1091 310 1158 vinoies
325 1089 465 1158 Romani
479 1087 611 1176 imperii
626 1086 759 1155 redacta
772 1088 824 1152 est
836 1082 921 1169 (146)
943 1080 986 1182 (ξ’).

186 1854 207 1899 Α
230 1849 440 1900 ROMANORUM
463 1846 693 1896 DOMINATIONE
717 1845 761 1891 An
779 1845 898 1893 ANNUM
922 1844 1001 1891 Post*
1023 1843 1190 1894 CHRISTUM

586 1946 701 1992 NATUM
726 1935 788 1986 thot

231 2232 373 2298 Senatus
392 2220 573 2309 Romanus,
591 2228 649 2316 qui
671 2227 785 2294 hostes
801 2225 950 2295 dividere
964 2225 1007 2293 ed
1021 2227 1190 2314 imperen-

190 2354 271 2422 dnm
292 2354 362 2442 jam
386 2353 517 2441 pridem
538 2352 682 2420 habebat
706 2352 751 2434 in,
766 2371 842 2431 usu,
866 2371 935 2417 non
958 2349 1047 2419 idem
1071 2350 1192 2418 insulis

188 2480 347 2548 omnibus
355 2480 477 2568 jugum
493 2479 669 2568 imposuit;
687 2478 747 2545 sed
760 2478 848 2557 eliis,
864 2478 1030 2544 soo'ietetis
1040 2478 1189 2556 nomine,

188 2606 301 2694 aliqua
326 2604 588 2692 municipiorum
608 2606 685 2693 jura
707 2604 871 2692 permisit,
894 2604 976 2672 alies
995 2603 1094 2692 plane
1115 2603 1193 2670 sub

185 2733 351 2821 jeoternm
365 2729 557 2797 conditione
571 2728 707 2815 hebuit,
726 2712 864 2809 eeteros,
883 2734 920 2795 nt
939 2729 1054 2796 Tenon
1068 2727 1191 2795 Delon-

188 2875 265 2943 que,
287 2854 551 2922 Atheniensibus
569 2852 716 2920 tradidit.
736 2853 907 2921 intestinis
922 2873 1002 2922 vero
1017 2852 1193 2920 discordiis

189 2981 403 3068 externisque
413 2979 513 3046 bellis
527 2980 634 3067 magis
648 2978 806 3046 distracta
818 2984 869 3046 est
879 2977 1078 3067 respublica,
1091 2997 1193 3065 quam
1241 2965 1244 2970 ⁴

190 3113 227 3173 ut
240 3102 431 3173 refovendis
445 3102 703 3190 reficiendisque
720 3102 841 3169 insulis
851 3122 968 3170 vaoare
982 3107 1106 3190 posset,
1124 3121 1194 3170 eos-

189 3252 266 3320 que,
290 3235 509 3318 praeterquem
534 3224 626 3313 quod
645 3226 770 3293 milites
797 3232 830 3294 et
847 3226 1026 3314 peouniam
1048 3224 1192 3316 impere-
1231 3265 1232 3268 =

190 3358 257 3437 bat,
280 3354 418 3423 omnino
435 3331 606 3438 neglexit.
639 3350 752 3437 ltaque
773 3348 1025 3416 transeuntibus
1048 3350 1084 3415 in
1106 3350 1192 3416 Grae-

191 3472 276 3537 niem
300 3472 498 3540 Mithridatis
520 3472 663 3540 ducibus
680 3470 758 3559 (89),
777 3472 961 3558 obstititin
978 3474 1090 3561 AEgaeo
1111 3472 1195 3539 mari

101 3598 104 3602 ’
191 3616 311 3676 nemo;
329 3618 463 3685 unoque
478 3599 631 3665 omnium
644 3597 754 3677 Delos,
782 3597 824 3664 ab
844 3596 1113 3664 Atheniensibus
1135 3595 1193 3663 de-

191 3719 320 3800 ficiens,
339 3741 445 3808 quum
460 3703 618 3788 barbaros
640 3720 813 3788 oontinere
831 3720 1036 3799 tentavisset,
1053 3718 1143 3786 oaede
1163 3724 1196 3788 et

191 3846 374 3915 vastatione
384 3867 502 3935 poenos
512 3836 643 3941 virtutis
659 3843 803 3944 dediti).
828 3846 908 3933 Ejus
922 3864 1004 3932 opes
1022 3864 1194 3932 nunquam

135 4121 137 4128 y
227 4050 266 4121 (ι)
282 4050 403 4105 Secundo
416 4067 485 4104 anno
496 4048 546 4104 153
559 4021 736 4128 olympiadis.

228 4138 267 4209 (2)
282 4138 397 4204 Pomm,
413 4153 479 4205 xxx,
492 4138 538 4204 183
552 4152 641 4202 xxxu,
654 4136 696 4192 17.
862 4165 866 4172 ·

228 4217 266 4288 (3)
284 4218 414 4282 Arrun,
431 4217 505 4269 Bell.
521 4215 985 4281 Monesen-Fron,111,5.-
996 4213 1091 4279 Pion,
1101 4212 1193 4281 Sylla.
