<?xml version="1.0" encoding="UTF-8"?>
<!DOCTYPE html PUBLIC "-//W3C//DTD XHTML 1.0 Transitional//EN"
    "http://www.w3.org/TR/xhtml1/DTD/xhtml1-transitional.dtd">
<html xmlns="http://www.w3.org/1999/xhtml" xml:lang="en" lang="en">
 <head>
  <title>
</title>
<meta http-equiv="Content-Type" content="text/html;charset=utf-8" />
  <meta name='ocr-system' content='tesseract 3.04.00' />
  <meta name='ocr-capabilities' content='ocr_page ocr_carea ocr_par ocr_line ocrx_word'/>
</head>
<body>
  <div class='ocr_page' id='page_1' title='image "./deinsulanaxo00dugigoog_0109.png"; bbox 0 0 3159 5150; ppageno 0'>
   <div class='ocr_carea' id='block_1_1' title="bbox 618 526 796 621">
    <p class='ocr_par' dir='ltr' id='par_1_1' title="bbox 618 526 796 621">
     <span class='ocr_line' id='line_1_1' title="bbox 618 526 796 621; baseline 0.039 -7"><span class='ocrx_word' id='word_1_1' title='bbox 618 526 720 616; x_wconf 80' lang='grc'>-161</span> <span class='ocrx_word' id='word_1_2' title='bbox 744 582 796 621; x_wconf 87' lang='grc'>-.·</span> 
     </span>
    </p>
   </div>
   <div class='ocr_carea' id='block_1_2' title="bbox 191 688 1248 2660">
    <p class='ocr_par' dir='ltr' id='par_1_2' title="bbox 191 688 1248 2660">
     <span class='ocr_line' id='line_1_2' title="bbox 237 688 1193 795; baseline 0.003 -23"><span class='ocrx_word' id='word_1_3' title='bbox 237 705 344 772; x_wconf 83' lang='lat' dir='ltr'>Simul</span> <span class='ocrx_word' id='word_1_4' title='bbox 359 688 472 775; x_wconf 87' lang='lat' dir='ltr'>autem</span> <span class='ocrx_word' id='word_1_5' title='bbox 487 727 525 773; x_wconf 91' lang='lat' dir='ltr'>ac</span> <span class='ocrx_word' id='word_1_6' title='bbox 535 705 657 773; x_wconf 89' lang='lat' dir='ltr'>vicisse</span> <span class='ocrx_word' id='word_1_7' title='bbox 672 706 898 792; x_wconf 79' lang='lat' dir='ltr'>Syracusanos</span> <span class='ocrx_word' id='word_1_8' title='bbox 912 709 1082 795; x_wconf 81' lang='lat' dir='ltr'>pernotuit</span> <span class='ocrx_word' id='word_1_9' title='bbox 1093 708 1193 795; x_wconf 87' lang='grc'>(413),</span> 
     </span>
     <span class='ocr_line' id='line_1_3' title="bbox 192 830 1194 920; baseline 0.004 -24"><span class='ocrx_word' id='word_1_10' title='bbox 192 849 311 896; x_wconf 89' lang='lat' dir='ltr'>omnes</span> <span class='ocrx_word' id='word_1_11' title='bbox 326 830 476 918; x_wconf 90' lang='lat' dir='ltr'>undique</span> <span class='ocrx_word' id='word_1_12' title='bbox 495 830 645 898; x_wconf 88' lang='lat' dir='ltr'>civitates</span> <span class='ocrx_word' id='word_1_13' title='bbox 675 830 722 909; x_wconf 76' lang='lat' dir='ltr'>(¹l,</span> <span class='ocrx_word' id='word_1_14' title='bbox 740 831 838 897; x_wconf 82' lang='lat' dir='ltr'>Chios</span> <span class='ocrx_word' id='word_1_15' title='bbox 858 832 893 897; x_wconf 92' lang='lat' dir='ltr'>in</span> <span class='ocrx_word' id='word_1_16' title='bbox 913 832 1045 920; x_wconf 86' lang='lat' dir='ltr'>primis,</span> <span class='ocrx_word' id='word_1_17' title='bbox 1064 833 1194 900; x_wconf 80' lang='lat' dir='ltr'>Samos</span> 
     </span>
     <span class='ocr_line' id='line_1_4' title="bbox 191 953 1189 1043; baseline 0.003 -22"><span class='ocrx_word' id='word_1_18' title='bbox 191 959 305 1041; x_wconf 85' lang='lat' dir='ltr'>quaet</span> <span class='ocrx_word' id='word_1_19' title='bbox 325 954 476 1022; x_wconf 77' lang='lat' dir='ltr'>Asiatica</span> <span class='ocrx_word' id='word_1_20' title='bbox 496 953 597 1022; x_wconf 89' lang='lat' dir='ltr'>urbes</span> <span class='ocrx_word' id='word_1_21' title='bbox 614 954 737 1042; x_wconf 83' lang='lat' dir='ltr'>jugum</span> <span class='ocrx_word' id='word_1_22' title='bbox 764 955 955 1034; x_wconf 79' lang='lat' dir='ltr'>excutiunt3</span> <span class='ocrx_word' id='word_1_23' title='bbox 978 956 1189 1043; x_wconf 90' lang='lat' dir='ltr'>parantibus-</span> 
     </span>
     <span class='ocr_line' id='line_1_5' title="bbox 192 1066 1193 1169; baseline 0.004 -24"><span class='ocrx_word' id='word_1_24' title='bbox 192 1099 258 1166; x_wconf 89' lang='lat' dir='ltr'>que</span> <span class='ocrx_word' id='word_1_25' title='bbox 276 1066 394 1147; x_wconf 90' lang='lat' dir='ltr'>eadem</span> <span class='ocrx_word' id='word_1_26' title='bbox 410 1077 620 1166; x_wconf 81' lang='lat' dir='ltr'>Cycladibus,</span> <span class='ocrx_word' id='word_1_27' title='bbox 648 1078 827 1167; x_wconf 89' lang='lat' dir='ltr'>imperium</span> <span class='ocrx_word' id='word_1_28' title='bbox 851 1100 893 1147; x_wconf 90' lang='lat' dir='ltr'>ex</span> <span class='ocrx_word' id='word_1_29' title='bbox 917 1099 956 1148; x_wconf 91' lang='lat' dir='ltr'>ea</span> <span class='ocrx_word' id='word_1_30' title='bbox 974 1087 1066 1169; x_wconf 91' lang='lat' dir='ltr'>parte</span> <span class='ocrx_word' id='word_1_31' title='bbox 1091 1081 1193 1149; x_wconf 90' lang='lat' dir='ltr'>Athe-</span> 
     </span>
     <span class='ocr_line' id='line_1_6' title="bbox 192 1202 1192 1303; baseline 0.003 -34"><span class='ocrx_word' id='word_1_32' title='bbox 192 1202 339 1282; x_wconf 88' lang='lat' dir='ltr'>nienses,</span> <span class='ocrx_word' id='word_1_33' title='bbox 356 1222 425 1275; x_wconf 84' lang='lat' dir='ltr'>non</span> <span class='ocrx_word' id='word_1_34' title='bbox 439 1203 512 1303; x_wconf 79' lang='lat' dir='ltr'>sine</span> <span class='ocrx_word' id='word_1_35' title='bbox 526 1202 560 1270; x_wconf 93' lang='lat' dir='ltr'>vi</span> <span class='ocrx_word' id='word_1_36' title='bbox 569 1222 714 1281; x_wconf 87' lang='lat' dir='ltr'>summa,</span> <span class='ocrx_word' id='word_1_37' title='bbox 731 1204 889 1271; x_wconf 82' lang='lat' dir='ltr'><strong>retinent.</strong></span> <span class='ocrx_word' id='word_1_38' title='bbox 903 1204 1016 1271; x_wconf 87' lang='lat' dir='ltr'>Auctis</span> <span class='ocrx_word' id='word_1_39' title='bbox 1025 1205 1192 1293; x_wconf 72' lang='lat' dir='ltr'>portoriis</span> 
     </span>
     <span class='ocr_line' id='line_1_7' title="bbox 194 1326 1196 1415; baseline 0 -21"><span class='ocrx_word' id='word_1_40' title='bbox 194 1326 316 1394; x_wconf 88' lang='lat' dir='ltr'>tributa</span> <span class='ocrx_word' id='word_1_41' title='bbox 334 1326 549 1414; x_wconf 82' lang='lat' dir='ltr'>vectigalium</span> <span class='ocrx_word' id='word_1_42' title='bbox 571 1326 827 1415; x_wconf 62' lang='lat' dir='ltr'>supplantaret</span> <span class='ocrx_word' id='word_1_43' title='bbox 850 1333 986 1395; x_wconf 89' lang='lat' dir='ltr'>centum</span> <span class='ocrx_word' id='word_1_44' title='bbox 1004 1333 1038 1394; x_wconf 91' lang='lat' dir='ltr'>et</span> <span class='ocrx_word' id='word_1_45' title='bbox 1054 1332 1196 1415; x_wconf 89' lang='lat' dir='ltr'>quatuor</span> 
     </span>
     <span class='ocr_line' id='line_1_8' title="bbox 193 1452 1195 1547; baseline 0.004 -28"><span class='ocrx_word' id='word_1_46' title='bbox 193 1473 296 1521; x_wconf 88' lang='lat' dir='ltr'>naves</span> <span class='ocrx_word' id='word_1_47' title='bbox 323 1455 546 1532; x_wconf 88' lang='lat' dir='ltr'>instruuntur,</span> <span class='ocrx_word' id='word_1_48' title='bbox 582 1473 666 1541; x_wconf 82' lang='lat' dir='ltr'>quae,</span> <span class='ocrx_word' id='word_1_49' title='bbox 693 1458 834 1541; x_wconf 83' lang='lat' dir='ltr'>urgente</span> <span class='ocrx_word' id='word_1_50' title='bbox 867 1452 948 1542; x_wconf 91' lang='lat' dir='ltr'>ipsis</span> <span class='ocrx_word' id='word_1_51' title='bbox 976 1453 1012 1520; x_wconf 91' lang='lat' dir='ltr'>in</span> <span class='ocrx_word' id='word_1_52' title='bbox 1042 1453 1195 1547; x_wconf 89' lang='lat' dir='ltr'>faucibus</span> 
     </span>
     <span class='ocr_line' id='line_1_9' title="bbox 191 1577 1195 1668; baseline 0.001 -24"><span class='ocrx_word' id='word_1_53' title='bbox 191 1578 305 1644; x_wconf 84' lang='lat' dir='ltr'>Atticae</span> <span class='ocrx_word' id='word_1_54' title='bbox 324 1577 438 1645; x_wconf 90' lang='lat' dir='ltr'>hostili</span> <span class='ocrx_word' id='word_1_55' title='bbox 462 1577 552 1668; x_wconf 90' lang='lat' dir='ltr'>apud</span> <span class='ocrx_word' id='word_1_56' title='bbox 574 1577 741 1645; x_wconf 88' lang='lat' dir='ltr'>Deceliam</span> <span class='ocrx_word' id='word_1_57' title='bbox 762 1577 930 1666; x_wconf 85' lang='lat' dir='ltr'>praesidio,</span> <span class='ocrx_word' id='word_1_58' title='bbox 952 1578 1084 1645; x_wconf 82' lang='lat' dir='ltr'>Lesbon</span> <span class='ocrx_word' id='word_1_59' title='bbox 1113 1578 1195 1646; x_wconf 90' lang='lat' dir='ltr'>reci-</span> 
     </span>
     <span class='ocr_line' id='line_1_10' title="bbox 191 1703 1192 1793; baseline 0.003 -23"><span class='ocrx_word' id='word_1_60' title='bbox 191 1703 298 1792; x_wconf 91' lang='lat' dir='ltr'>piunt,</span> <span class='ocrx_word' id='word_1_61' title='bbox 320 1708 353 1770; x_wconf 91' lang='lat' dir='ltr'>et</span> <span class='ocrx_word' id='word_1_62' title='bbox 375 1704 615 1792; x_wconf 81' lang='lat' dir='ltr'>Spartanorum</span> <span class='ocrx_word' id='word_1_63' title='bbox 643 1704 888 1791; x_wconf 81' lang='lat' dir='ltr'>Persarumque</span> <span class='ocrx_word' id='word_1_64' title='bbox 920 1704 1056 1782; x_wconf 70' lang='lat' dir='ltr'>classes</span> <span class='ocrx_word' id='word_1_65' title='bbox 1087 1724 1192 1793; x_wconf 87' lang='lat' dir='ltr'>prope</span> 
     </span>
     <span class='ocr_line' id='line_1_11' title="bbox 192 1825 1195 1913; baseline -0.001 -19"><span class='ocrx_word' id='word_1_66' title='bbox 192 1827 314 1894; x_wconf 88' lang='lat' dir='ltr'>Samon</span> <span class='ocrx_word' id='word_1_67' title='bbox 329 1825 512 1893; x_wconf 90' lang='lat' dir='ltr'>continent.</span> <span class='ocrx_word' id='word_1_68' title='bbox 522 1825 793 1913; x_wconf 84' lang='lat' dir='ltr'>Alcibiadis(409)</span> <span class='ocrx_word' id='word_1_69' title='bbox 801 1831 914 1894; x_wconf 77' lang='grc'>16111611</span> <span class='ocrx_word' id='word_1_70' title='bbox 926 1826 1035 1895; x_wconf 88' lang='lat' dir='ltr'>reditu</span> <span class='ocrx_word' id='word_1_71' title='bbox 1046 1828 1195 1896; x_wconf 85' lang='lat' dir='ltr'>revocari</span> 
     </span>
     <span class='ocr_line' id='line_1_12' title="bbox 192 1949 1193 2040; baseline 0.001 -22"><span class='ocrx_word' id='word_1_72' title='bbox 192 1949 325 2019; x_wconf 85' lang='lat' dir='ltr'>visa-ad</span> <span class='ocrx_word' id='word_1_73' title='bbox 339 1956 451 2039; x_wconf 91' lang='lat' dir='ltr'>partes</span> <span class='ocrx_word' id='word_1_74' title='bbox 464 1950 722 2018; x_wconf 80' lang='lat' dir='ltr'>Atheniensium</span> <span class='ocrx_word' id='word_1_75' title='bbox 736 1951 886 2030; x_wconf 85' lang='lat' dir='ltr'>victoria,</span> <span class='ocrx_word' id='word_1_76' title='bbox 905 1972 1010 2038; x_wconf 90' lang='lat' dir='ltr'>quum</span> <span class='ocrx_word' id='word_1_77' title='bbox 1025 1952 1097 2040; x_wconf 83' lang='lat' dir='ltr'>jam</span> <span class='ocrx_word' id='word_1_78' title='bbox 1116 1951 1193 2019; x_wconf 91' lang='lat' dir='ltr'>har-</span> 
     </span>
     <span class='ocr_line' id='line_1_13' title="bbox 193 2073 1196 2162; baseline 0.001 -20"><span class='ocrx_word' id='word_1_79' title='bbox 193 2078 319 2142; x_wconf 89' lang='lat' dir='ltr'>mostes</span> <span class='ocrx_word' id='word_1_80' title='bbox 333 2073 609 2141; x_wconf 88' lang='lat' dir='ltr'>Lacedaemonius</span> <span class='ocrx_word' id='word_1_81' title='bbox 618 2074 757 2141; x_wconf 87' lang='lat' dir='ltr'>Andron</span> <span class='ocrx_word' id='word_1_82' title='bbox 772 2080 980 2162; x_wconf 80' lang='lat' dir='ltr'>occupasset,</span> <span class='ocrx_word' id='word_1_83' title='bbox 1003 2080 1196 2162; x_wconf 87' lang='lat' dir='ltr'>ceterasque</span> 
     </span>
     <span class='ocr_line' id='line_1_14' title="bbox 193 2174 1194 2287; baseline 0.001 -23"><span class='ocrx_word' id='word_1_84' title='bbox 193 2197 351 2285; x_wconf 83' lang='lat' dir='ltr'>Cycladas</span> <span class='ocrx_word' id='word_1_85' title='bbox 366 2197 555 2267; x_wconf 86' lang='lat' dir='ltr'>lacesseret.</span> <span class='ocrx_word' id='word_1_86' title='bbox 575 2198 671 2266; x_wconf 85' lang='lat' dir='ltr'>Brevi</span> <span class='ocrx_word' id='word_1_87' title='bbox 680 2201 794 2266; x_wconf 90' lang='lat' dir='ltr'>autem</span> <span class='ocrx_word' id='word_1_88' title='bbox 806 2174 1102 2287; x_wconf 41' lang='lat' dir='ltr'>Lyzandri&#39;peritia</span> <span class='ocrx_word' id='word_1_89' title='bbox 1113 2199 1194 2266; x_wconf 89' lang='lat' dir='ltr'>sub-</span> 
     </span>
     <span class='ocr_line' id='line_1_15' title="bbox 193 2320 1248 2409; baseline 0 -20"><span class='ocrx_word' id='word_1_90' title='bbox 193 2320 354 2409; x_wconf 87' lang='lat' dir='ltr'>sidiisque</span> <span class='ocrx_word' id='word_1_91' title='bbox 377 2321 452 2408; x_wconf 80' lang='lat' dir='ltr'>Cyri</span> <span class='ocrx_word' id='word_1_92' title='bbox 482 2321 630 2388; x_wconf 75' lang='lat' dir='ltr'>iunioris</span> <span class='ocrx_word' id='word_1_93' title='bbox 659 2321 788 2388; x_wconf 91' lang='lat' dir='ltr'>bellum</span> <span class='ocrx_word' id='word_1_94' title='bbox 822 2327 1093 2389; x_wconf 89' lang='lat' dir='ltr'>consummatum</span> <span class='ocrx_word' id='word_1_95' title='bbox 1125 2328 1192 2402; x_wconf 90' lang='lat' dir='ltr'>est,</span> <span class='ocrx_word' id='word_1_96' title='bbox 1241 2329 1248 2344; x_wconf 80' lang='lat'><strong><em>⁴</em></strong></span> 
     </span>
     <span class='ocr_line' id='line_1_16' title="bbox 193 2432 1195 2536; baseline 0 -24"><span class='ocrx_word' id='word_1_97' title='bbox 193 2432 301 2533; x_wconf 68' lang='lat' dir='ltr'>captis⁴</span> <span class='ocrx_word' id='word_1_98' title='bbox 317 2444 406 2536; x_wconf 91' lang='lat' dir='ltr'>apud</span> <span class='ocrx_word' id='word_1_99' title='bbox 434 2446 535 2533; x_wconf 84' lang='lat' dir='ltr'>AEgos</span> <span class='ocrx_word' id='word_1_100' title='bbox 563 2445 724 2512; x_wconf 90' lang='lat' dir='ltr'>Potamon</span> <span class='ocrx_word' id='word_1_101' title='bbox 753 2445 922 2512; x_wconf 89' lang='lat' dir='ltr'>universis</span> <span class='ocrx_word' id='word_1_102' title='bbox 940 2445 1195 2514; x_wconf 83' lang='lat' dir='ltr'>Atheniensium</span> 
     </span>
     <span class='ocr_line' id='line_1_17' title="bbox 192 2568 1195 2660; baseline -0.001 -23"><span class='ocrx_word' id='word_1_103' title='bbox 192 2570 345 2649; x_wconf 73' lang='lat' dir='ltr'>navibus</span> <span class='ocrx_word' id='word_1_104' title='bbox 364 2571 535 2658; x_wconf 81' lang='lat' dir='ltr'>Piraeoque</span> <span class='ocrx_word' id='word_1_105' title='bbox 551 2568 689 2640; x_wconf 88' lang='lat' dir='ltr'>tandem</span> <span class='ocrx_word' id='word_1_106' title='bbox 707 2575 740 2638; x_wconf 90' lang='lat' dir='ltr'>et</span> <span class='ocrx_word' id='word_1_107' title='bbox 759 2570 831 2658; x_wconf 92' lang='lat' dir='ltr'>ipsa</span> <span class='ocrx_word' id='word_1_108' title='bbox 845 2569 929 2638; x_wconf 91' lang='lat' dir='ltr'>urbe</span> <span class='ocrx_word' id='word_1_109' title='bbox 941 2570 976 2637; x_wconf 92' lang='lat' dir='ltr'>in</span> <span class='ocrx_word' id='word_1_110' title='bbox 996 2576 1195 2660; x_wconf 89' lang='lat' dir='ltr'>potestatem</span> 
     </span>
    </p>
   </div>
   <div class='ocr_carea' id='block_1_3' title="bbox 193 2693 1269 2900">
    <p class='ocr_par' dir='ltr' id='par_1_3' title="bbox 193 2693 1269 2900">
     <span class='ocr_line' id='line_1_18' title="bbox 193 2693 615 2779; baseline -0.005 -18"><span class='ocrx_word' id='word_1_111' title='bbox 193 2694 342 2762; x_wconf 92' lang='lat' dir='ltr'>hostium</span> <span class='ocrx_word' id='word_1_112' title='bbox 355 2693 496 2761; x_wconf 91' lang='lat' dir='ltr'>redactis</span> <span class='ocrx_word' id='word_1_113' title='bbox 514 2694 615 2779; x_wconf 80' lang='grc'>(404).</span> 
     </span>
     <span class='ocr_line' id='line_1_19' title="bbox 237 2808 1269 2900; baseline 0.003 -24"><span class='ocrx_word' id='word_1_114' title='bbox 237 2810 322 2877; x_wconf 84' lang='lat' dir='ltr'>Tum</span> <span class='ocrx_word' id='word_1_115' title='bbox 340 2830 419 2878; x_wconf 85' lang='lat' dir='ltr'>varo</span> <span class='ocrx_word' id='word_1_116' title='bbox 434 2810 548 2877; x_wconf 91' lang='lat' dir='ltr'>liberis</span> <span class='ocrx_word' id='word_1_117' title='bbox 563 2811 635 2898; x_wconf 85' lang='lat' dir='ltr'>jam</span> <span class='ocrx_word' id='word_1_118' title='bbox 648 2808 802 2888; x_wconf 84' lang='lat' dir='ltr'>urbibus,</span> <span class='ocrx_word' id='word_1_119' title='bbox 821 2811 981 2899; x_wconf 89' lang='lat' dir='ltr'>populare</span> <span class='ocrx_word' id='word_1_120' title='bbox 998 2812 1191 2900; x_wconf 81' lang='lat' dir='ltr'>imperium,</span> <span class='ocrx_word' id='word_1_121' title='bbox 1268 2839 1269 2842; x_wconf 42' lang='lat'>¹</span> 
     </span>
    </p>
   </div>
   <div class='ocr_carea' id='block_1_4' title="bbox 192 2933 1196 3282">
    <p class='ocr_par' dir='ltr' id='par_1_4' title="bbox 192 2933 1196 3282">
     <span class='ocr_line' id='line_1_20' title="bbox 192 2933 1193 3016; baseline 0.001 -14"><span class='ocrx_word' id='word_1_122' title='bbox 192 2934 448 3002; x_wconf 82' lang='lat' dir='ltr'>Atheniensium</span> <span class='ocrx_word' id='word_1_123' title='bbox 463 2934 588 3004; x_wconf 90' lang='lat' dir='ltr'>auxilio</span> <span class='ocrx_word' id='word_1_124' title='bbox 604 2933 661 3000; x_wconf 93' lang='lat' dir='ltr'>diu</span> <span class='ocrx_word' id='word_1_125' title='bbox 677 2938 915 3014; x_wconf 85' lang='lat' dir='ltr'>sustentatum,</span> <span class='ocrx_word' id='word_1_126' title='bbox 938 2933 1110 3016; x_wconf 89' lang='lat' dir='ltr'>sublatum</span> <span class='ocrx_word' id='word_1_127' title='bbox 1131 2940 1193 3015; x_wconf 89' lang='lat' dir='ltr'>est,</span> 
     </span>
     <span class='ocr_line' id='line_1_21' title="bbox 193 3058 1195 3147; baseline 0.001 -20"><span class='ocrx_word' id='word_1_128' title='bbox 193 3064 226 3128; x_wconf 91' lang='lat' dir='ltr'>et</span> <span class='ocrx_word' id='word_1_129' title='bbox 245 3058 287 3126; x_wconf 91' lang='lat' dir='ltr'>ad</span> <span class='ocrx_word' id='word_1_130' title='bbox 303 3058 492 3147; x_wconf 85' lang='lat' dir='ltr'>optimates,</span> <span class='ocrx_word' id='word_1_131' title='bbox 514 3059 572 3146; x_wconf 89' lang='lat' dir='ltr'>qui</span> <span class='ocrx_word' id='word_1_132' title='bbox 587 3079 720 3147; x_wconf 90' lang='lat' dir='ltr'>semper</span> <span class='ocrx_word' id='word_1_133' title='bbox 750 3078 810 3147; x_wconf 87' lang='lat' dir='ltr'>pro</span> <span class='ocrx_word' id='word_1_134' title='bbox 834 3058 1073 3127; x_wconf 79' lang='lat' dir='ltr'>Lacedaemone</span> <span class='ocrx_word' id='word_1_135' title='bbox 1093 3063 1195 3128; x_wconf 90' lang='lat' dir='ltr'>stete·</span> 
     </span>
     <span class='ocr_line' id='line_1_22' title="bbox 194 3180 1196 3282; baseline 0 -32"><span class='ocrx_word' id='word_1_136' title='bbox 194 3187 278 3262; x_wconf 93' lang='lat' dir='ltr'>rant,</span> <span class='ocrx_word' id='word_1_137' title='bbox 291 3182 439 3270; x_wconf 90' lang='lat' dir='ltr'>potentia</span> <span class='ocrx_word' id='word_1_138' title='bbox 453 3180 667 3282; x_wconf 68' lang='lat' dir='ltr'>concessitlil.</span> <span class='ocrx_word' id='word_1_139' title='bbox 678 3181 850 3270; x_wconf 79' lang='lat' dir='ltr'>Lysander</span> <span class='ocrx_word' id='word_1_140' title='bbox 864 3189 990 3263; x_wconf 89' lang='lat' dir='ltr'>autem,</span> <span class='ocrx_word' id='word_1_141' title='bbox 1003 3203 1070 3270; x_wconf 87' lang='lat' dir='ltr'>quo</span> <span class='ocrx_word' id='word_1_142' title='bbox 1083 3182 1196 3272; x_wconf 91' lang='lat' dir='ltr'>plures</span> 
     </span>
    </p>
   </div>
   <div class='ocr_carea' id='block_1_5' title="bbox 194 3305 1197 3509">
    <p class='ocr_par' dir='ltr' id='par_1_5' title="bbox 194 3305 1197 3509">
     <span class='ocr_line' id='line_1_23' title="bbox 194 3305 1197 3394; baseline -0.001 -20"><span class='ocrx_word' id='word_1_143' title='bbox 194 3305 259 3377; x_wconf 88' lang='lat' dir='ltr'>sibi</span> <span class='ocrx_word' id='word_1_144' title='bbox 277 3305 477 3384; x_wconf 89' lang='lat' dir='ltr'>conciliaret,</span> <span class='ocrx_word' id='word_1_145' title='bbox 504 3305 695 3373; x_wconf 83' lang='lat' dir='ltr'>recentibus</span> <span class='ocrx_word' id='word_1_146' title='bbox 714 3306 814 3373; x_wconf 88' lang='lat' dir='ltr'>sociis</span> <span class='ocrx_word' id='word_1_147' title='bbox 825 3306 895 3373; x_wconf 91' lang='lat' dir='ltr'>suis</span> <span class='ocrx_word' id='word_1_148' title='bbox 914 3306 1083 3394; x_wconf 86' lang='lat' dir='ltr'>pollicitus</span> <span class='ocrx_word' id='word_1_149' title='bbox 1097 3305 1197 3374; x_wconf 90' lang='lat' dir='ltr'>liber·</span> 
     </span>
     <span class='ocr_line' id='line_1_24' title="bbox 194 3420 1196 3509; baseline 0 -20"><span class='ocrx_word' id='word_1_150' title='bbox 194 3426 308 3500; x_wconf 87' lang='lat' dir='ltr'>tatem,</span> <span class='ocrx_word' id='word_1_151' title='bbox 331 3422 495 3509; x_wconf 88' lang='lat' dir='ltr'>promissa</span> <span class='ocrx_word' id='word_1_152' title='bbox 510 3422 556 3489; x_wconf 90' lang='lat' dir='ltr'>ita</span> <span class='ocrx_word' id='word_1_153' title='bbox 575 3427 753 3490; x_wconf 78' lang='lat' dir='ltr'>exsecutus</span> <span class='ocrx_word' id='word_1_154' title='bbox 774 3422 836 3501; x_wconf 78' lang='lat' dir='ltr'>est,</span> <span class='ocrx_word' id='word_1_155' title='bbox 858 3427 896 3488; x_wconf 93' lang='lat' dir='ltr'>ut</span> <span class='ocrx_word' id='word_1_156' title='bbox 910 3420 1022 3500; x_wconf 88' lang='lat' dir='ltr'>nrbes,</span> <span class='ocrx_word' id='word_1_157' title='bbox 1039 3441 1144 3508; x_wconf 89' lang='lat' dir='ltr'>quum</span> <span class='ocrx_word' id='word_1_158' title='bbox 1160 3440 1196 3489; x_wconf 90' lang='lat' dir='ltr'>se</span> 
     </span>
    </p>
   </div>
   <div class='ocr_carea' id='block_1_6' title="bbox 191 3545 1214 3883">
    <p class='ocr_par' dir='ltr' id='par_1_6' title="bbox 191 3545 1214 3883">
     <span class='ocr_line' id='line_1_25' title="bbox 191 3545 1214 3640; baseline 0 -27"><span class='ocrx_word' id='word_1_159' title='bbox 191 3545 261 3635; x_wconf 86' lang='lat' dir='ltr'>jam</span> <span class='ocrx_word' id='word_1_160' title='bbox 276 3546 368 3612; x_wconf 91' lang='lat' dir='ltr'>omni</span> <span class='ocrx_word' id='word_1_161' title='bbox 385 3545 612 3614; x_wconf 88' lang='lat' dir='ltr'>dominatione</span> <span class='ocrx_word' id='word_1_162' title='bbox 631 3545 757 3613; x_wconf 93' lang='lat' dir='ltr'>solutas</span> <span class='ocrx_word' id='word_1_163' title='bbox 772 3545 1023 3624; x_wconf 87' lang='lat' dir='ltr'>arbitrarentur,</span> <span class='ocrx_word' id='word_1_164' title='bbox 1041 3545 1197 3613; x_wconf 89' lang='lat' dir='ltr'>dominos</span> <span class='ocrx_word' id='word_1_165' title='bbox 1210 3632 1214 3640; x_wconf 24' lang='lat'><strong>¹</strong></span> 
     </span>
     <span class='ocr_line' id='line_1_26' title="bbox 194 3670 1197 3759; baseline 0 -22"><span class='ocrx_word' id='word_1_166' title='bbox 194 3674 324 3737; x_wconf 90' lang='lat' dir='ltr'>tantum</span> <span class='ocrx_word' id='word_1_167' title='bbox 344 3690 381 3738; x_wconf 90' lang='lat' dir='ltr'>se</span> <span class='ocrx_word' id='word_1_168' title='bbox 396 3676 544 3738; x_wconf 90' lang='lat' dir='ltr'>mutasse</span> <span class='ocrx_word' id='word_1_169' title='bbox 567 3671 804 3759; x_wconf 85' lang='lat' dir='ltr'>intelligerent.</span> <span class='ocrx_word' id='word_1_170' title='bbox 826 3673 909 3738; x_wconf 91' lang='lat' dir='ltr'>Nam</span> <span class='ocrx_word' id='word_1_171' title='bbox 934 3670 1023 3759; x_wconf 86' lang='lat' dir='ltr'>apud</span> <span class='ocrx_word' id='word_1_172' title='bbox 1046 3670 1197 3759; x_wconf 82' lang='lat' dir='ltr'>singulas</span> 
     </span>
     <span class='ocr_line' id='line_1_27' title="bbox 194 3792 1196 3883; baseline 0.001 -23"><span class='ocrx_word' id='word_1_173' title='bbox 194 3793 369 3883; x_wconf 75' lang='lat' dir='ltr'>prefectus</span> <span class='ocrx_word' id='word_1_174' title='bbox 383 3794 666 3872; x_wconf 76' lang='lat' dir='ltr'>Lacedaemonius,</span> <span class='ocrx_word' id='word_1_175' title='bbox 684 3795 875 3862; x_wconf 88' lang='lat' dir='ltr'>constitutis</span> <span class='ocrx_word' id='word_1_176' title='bbox 889 3794 925 3861; x_wconf 92' lang='lat' dir='ltr'>in</span> <span class='ocrx_word' id='word_1_177' title='bbox 939 3793 1117 3862; x_wconf 89' lang='lat' dir='ltr'>consilium</span> <span class='ocrx_word' id='word_1_178' title='bbox 1138 3792 1196 3861; x_wconf 90' lang='lat' dir='ltr'>de-</span> 
     </span>
    </p>
   </div>
   <div class='ocr_carea' id='block_1_7' title="bbox 131 4024 985 4273">
    <p class='ocr_par' dir='ltr' id='par_1_7' title="bbox 131 4024 985 4273">
     <span class='ocr_line' id='line_1_28' title="bbox 131 4024 571 4112; baseline -0.002 -35"><span class='ocrx_word' id='word_1_179' title='bbox 131 4091 141 4112; x_wconf 45' lang='grc'><strong>.</strong></span> <span class='ocrx_word' id='word_1_180' title='bbox 231 4024 269 4095; x_wconf 75' lang='lat' dir='ltr'>(l)</span> <span class='ocrx_word' id='word_1_181' title='bbox 282 4024 419 4090; x_wconf 74' lang='lat' dir='ltr'>Teucro,</span> <span class='ocrx_word' id='word_1_182' title='bbox 434 4040 462 4086; x_wconf 92' lang='lat' dir='ltr'>v,</span> <span class='ocrx_word' id='word_1_183' title='bbox 476 4041 513 4091; x_wconf 84' lang='lat' dir='ltr'>vr,</span> <span class='ocrx_word' id='word_1_184' title='bbox 524 4041 571 4079; x_wconf 86' lang='lat' dir='ltr'>vu.</span> 
     </span>
     <span class='ocr_line' id='line_1_29' title="bbox 231 4112 633 4182; baseline -0.01 -15"><span class='ocrx_word' id='word_1_185' title='bbox 231 4112 269 4182; x_wconf 74' lang='lat'>(2)</span> <span class='ocrx_word' id='word_1_186' title='bbox 283 4112 420 4178; x_wconf 71' lang='lat' dir='ltr'>Teucro,</span> <span class='ocrx_word' id='word_1_187' title='bbox 434 4128 492 4173; x_wconf 87' lang='lat' dir='ltr'>vrn,</span> <span class='ocrx_word' id='word_1_188' title='bbox 509 4113 533 4179; x_wconf 91' lang='lat' dir='ltr'>l,</span> <span class='ocrx_word' id='word_1_189' title='bbox 548 4114 574 4177; x_wconf 85' lang='grc'>9,</span> <span class='ocrx_word' id='word_1_190' title='bbox 593 4112 633 4165; x_wconf 89' lang='grc'>14.</span> 
     </span>
     <span class='ocr_line' id='line_1_30' title="bbox 231 4199 985 4273; baseline -0.007 -17"><span class='ocrx_word' id='word_1_191' title='bbox 231 4202 269 4273; x_wconf 74' lang='lat'>(3)</span> <span class='ocrx_word' id='word_1_192' title='bbox 284 4202 427 4268; x_wconf 69' lang='grc'>1111116111,</span> <span class='ocrx_word' id='word_1_193' title='bbox 443 4201 607 4271; x_wconf 75' lang='lat' dir='ltr'>Hellenica,</span> <span class='ocrx_word' id='word_1_194' title='bbox 618 4202 655 4269; x_wconf 87' lang='lat' dir='ltr'>ll,</span> <span class='ocrx_word' id='word_1_195' title='bbox 666 4202 693 4257; x_wconf 85' lang='lat'>3.</span> <span class='ocrx_word' id='word_1_196' title='bbox 709 4230 742 4247; x_wconf 90' lang='lat'><em>-</em></span> <span class='ocrx_word' id='word_1_197' title='bbox 752 4203 880 4267; x_wconf 70' lang='lat' dir='ltr'>Dionen,</span> <span class='ocrx_word' id='word_1_198' title='bbox 894 4200 930 4260; x_wconf 79' lang='lat' dir='ltr'>V,</span> <span class='ocrx_word' id='word_1_199' title='bbox 944 4199 985 4253; x_wconf 78' lang='lat' dir='ltr'>ll.</span> 
     </span>
    </p>
   </div>
   <div class='ocr_carea' id='block_1_8' title="bbox 0 0 1585 5140">
    <p class='ocr_par' dir='ltr' id='par_1_8' title="bbox 0 0 1585 5140">
     <span class='ocr_line' id='line_1_31' title="bbox 0 0 1585 5140; baseline 0 0"><span class='ocrx_word' id='word_1_200' title='bbox 0 0 1585 5140; x_wconf 95' lang='lat' dir='ltr'> </span> 
     </span>
    </p>
   </div>
  </div>
 </body>
</html>
