3159 5150
607 1034 854 1102 APPENDIX

677 1323 775 1349 -ιο-

242 1623 461 1669 Inscmr'rlortus
484 1625 515 1667 IN
535 1624 646 1668 Iustius
659 1624 743 1668 NAXO
763 1622 924 1678 Rursum,
948 1624 1007 1667 VEL
1026 1624 1205 1666 EMENDATAE
1289 1607 1292 1613 ¹

514 1713 573 1756 VEL
588 1714 670 1756 NUNC
692 1713 812 1756 PRIMUM
833 1711 936 1754 EDITAE

261 1934 333 2001 Ques
342 1939 505 2011 sequuntur
516 1933 647 1994 funereae
659 1934 881 2012 inscriptiones,
892 1952 994 1994 omnes
1008 1951 1100 2013 prope
1116 1934 1222 1993 urbem

223 2038 341 2120 Neron,
356 2039 386 2098 in
400 2039 478 2099 velle
490 2039 666 2116 subjacenti,
679 2057 697 2099 e
708 2057 756 2099 me
771 2042 901 2101 inventoe
911 2042 990 2113 eunt,
1004 2039 1033 2098 in
1049 2040 1141 2100 muris
1156 2040 1226 2100 hor·

223 2147 322 2206 torum
335 2145 385 2204 vel
399 2145 732 2223 parietibus-domorum
746 2146 879 2207 inclusae.

270 2294 300 2353 1⁰
321 2291 433 2360 Ἐνοίτιε
462 2291 644 2381 Ἀρχάνδῂοου,
661 2302 764 2381 χρηστὲ
783 2304 878 2382 χαῖρε.
905 2295 1031 2369 Enoetie,
1058 2294 1225 2354 Archandri
1268 2288 1270 2292 ’

224 2408 500 2486 nuopumevue.
968 2389 972 2396 ’

265 2514 298 2573 2⁰
318 2520 474 2603 Πολυκρίτη
493 2522 660 2602 Τιμαγόρου,
680 2521 786 2603 χρηστὴ
812 2523 907 2602 χαῖρε.
931 2514 1097 2593 Polycritc,
1121 2514 1224 2575 Tima-

224 2648 306 2709 goroe
319 2631 392 2706 filie,
408 2631 522 2709 optime
534 2630 613 2691 vele.

264 2736 297 2795 3⁰
317 2745 435 2825 Σώστρω
454 2742 657 2825 Κλεομόρὰπου.
679 2737 795 2811 Susino,
811 2736 993 2797 Cleombroti
1006 2736 1079 2797 filio.

265 2856 297 2913 4⁰
316 2858 414 2940 Τερτίᾳ
427 2859 581 2938 Boeotiis,
598 2858 722 2919 Ποπλίου
737 2857 783 2918 καὶ
797 2854 937 2937 Πόλλα[ς,
954 2858 1075 2935 Λαοδίκη
1090 2828 1219 2940 desdorp·

221 2974 327 3055 χρηστὴ
344 2975 439 3055 χαῖρε.
461 2966 573 3026 Tertiae
593 2965 748 3043 Babylliae‚
768 2967 875 3027 Publio
896 2974 927 3026 et
946 2966 1032 3026 Pollo
1052 2968 1141 3039 oeteo,
1164 2965 1226 3025 filie

221 3074 350 3135 Laodice
366 3094 373 3133 ε
391 3074 512 3152 Optime
526 3074 642 3150 [meter]
656 3073 737 3133 vele.
795 3076 797 3079 ’

261 3178 383 3239 Licetne
410 3178 440 3237 in
458 3178 551 3239 tertie
575 3178 768 3257 inscriptione
794 3196 901 3238 nomen
919 3177 1035 3237 Doricae
1062 3193 1225 3253 agnoscere

221 3284 328 3360 gentis,
344 3284 500 3362 Spartenae
515 3284 656 3357 maxime,
671 3303 738 3362 quoe
749 3286 799 3345 vel
810 3284 1051 3361 ePelopouneso,
1062 3280 1110 3343 vel
1125 3281 1225 3359 potius

221 3388 373 3449 exvicinis
382 3388 495 3462 insulis,
506 3390 588 3451 Melo
597 3393 629 3450 et
639 3391 749 3463 There,
761 3389 870 3450 Naxon
878 3386 1224 3465 migraveritiliorieum
1271 3411 1275 3418 ·

220 3492 299 3553 onim
320 3496 406 3553 sonet
419 3496 543 3554 verbum
557 3495 673 3568 Sostro,
698 3513 862 3572 nomenque
876 3492 1057 3555 Cleombroti
1071 3492 1150 3552 inter
1164 3477 1219 3553 Lo·

220 3598 416 3659 cedaemonios
430 3600 592 3676 cognitum.

256 3702 420 3779 Polycrita‚
439 3720 478 3762 ex
494 3704 597 3764 multis
616 3704 815 3777 documentis,
841 3721 948 3763 nomen
964 3703 1078 3763 inditur
1093 3701 1224 3779 egregiae

222 3805 267 3865 illi
282 3807 389 3885 puellae
410 3826 464 3885 per
484 3826 572 3885 quem
587 3811 709 3870 servate
737 3812 783 3869 ost
807 3808 912 3868 Naxos
928 3808 965 3867 eb
986 3807 1078 3867 armis
1091 3807 1225 3867 Milesio-

219 3930 285 3973 rum
300 3934 307 3972 :
324 3932 491 3992 quenquam
506 3918 538 3976 et
562 3934 668 3975 nomen
686 3914 781 3992 petris
796 3914 871 3991 ejus,
887 3914 1066 3991 Timagorae,
1082 3912 1224 3973 Doricum

220 4033 335 4092 quoque
350 4018 442 4079 hebet
453 4019 593 4080 formem.

259 4123 291 4183 5⁰
306 4126 377 4184 Hoc.
393 4127 526 4185 Marmor
540 4124 621 4186 0⁰¹42
641 4127 745 4198 lotum,
761 4126 835 4200 035
858 4124 961 4197 altum,
988 4126 1064 4202 quod
1081 4125 1110 4183 in
1135 4125 1223 4183 domo

219 4217 310 4280 Nouii
325 4222 489 4296 cujusdem,
512 4224 566 4282 sub
590 4224 663 4299 ipsis
686 4223 768 4283 urbis
794 4223 900 4294 muris,
919 4226 1104 4293 asservetur,
1130 4221 1224 4284 edidit
