3159 5150
605 574 763 636 -lll-

184 721 355 810 abjiciunt,
373 726 431 789 aut
444 719 709 789 dominationem
720 717 907 789 voluntaria
920 721 1028 785 morte
1042 734 1184 803 praever-

184 851 269 914 tunt.
287 846 448 914 cesarem
471 865 563 923 vero,
590 843 685 913 brevi
704 846 860 911 necatum
886 839 1112 928 aeonjnratis,
1135 838 1184 905 le-

184 975 283 1059 gatus
296 989 529 1057 proneposque
544 969 620 1036 ideo
634 967 844 1039 ulciscuntur
857 971 894 1032 ut
915 965 950 1035 in
977 965 1049 1052 ejus
1073 963 1184 1037 locum

184 1092 376 1162 succedant.
385 1094 498 1161 Victor
509 1092 597 1181 apud
612 1091 782 1180 Philippos
796 1089 973 1169 Antonius,
991 1086 1186 1175 triumphali

182 1222 342 1305 apparatu
361 1217 395 1283 in
411 1216 581 1286 Orientem
600 1215 746 1295 rediens,
761 1213 865 1284 urbes
878 1212 949 1280 suis
969 1217 1002 1281 et
1016 1231 1120 1300 regna
1134 1210 1185 1278 di-

183 1340 286 1419 vidit;
309 1342 357 1409 sic
377 1341 499 1409 Rhodii
527 1342 643 1409 Tenon
669 1342 854 1426 Naxonque
879 1337 1045 1417 obtinent,
1068 1343 1101 1405 et
1118 1337 1185 1405 Anr·

184 1465 269 1533 dron
302 1467 451 1555 insuper,
477 1488 552 1555 quea
570 1488 676 1555 quum
692 1467 784 1554 prius
804 1464 1061 1536 Atheniensium
1084 1468 1184 1540 esset,

184 1592 274 1661 dono
283 1593 411 1682 AEginae
423 1594 542 1661 insulae
557 1601 805 1683 compensatur.
819 1592 940 1665 Rhodii
953 1597 1188 1677 autem,quum

184 1728 302 1779 recens
320 1714 413 1798 parta
423 1708 481 1776 diu
492 1714 681 1778 servaturos
696 1728 733 1783 se
747 1730 816 1777 non
827 1726 1030 1796 magnopere
1037 1705 1186 1774 confide-

183 1810 268 1910 rent,
290 1832 532 1921 cisraptim'uti
545 1832 745 1903 festinavere
760 1832 897 1918 tra-58),
911 1851 1015 1919 seque
1031 1837 1099 1898 tarn
1114 1830 1186 1898 vio-

183 1924 296 2023 lentos
318 1976 358 2031 ac
376 1977 512 2047 rapaces
526 1978 660 2046 gessere
674 1956 718 2037 (¹),
733 1962 770 2024 ut
789 1958 839 2024 eis
854 1956 982 2024 insulas
997 1956 1069 2043 ipse
1082 1956 1186 2025 Anto-

185 2079 273 2159 nius,
292 2079 370 2148 licet
388 2080 480 2154 haud
494 2081 672 2169 religiosus
687 2082 773 2169 mqui
793 2081 998 2159 observator,
1011 2079 1184 2171 ademerit.

185 2203 299 2291 igitur,
313 2224 506 2293 quanquam
515 2211 583 2274 tres
597 2211 729 2275 tantum
742 2212 802 2275 aut
817 2207 1081 2295 quatuorssannos
1096 2207 1188 2279 Naxo

184 2320 280 2408 potiti
293 2327 373 2389 sunt
386 2322 431 2402 (²),
455 2329 567 2391 tamen
586 2343 752 2412 supremae
771 2324 845 2412 ejus
864 2323 984 2391 iusulae
1002 2342 1083 2410 opes
1111 2340 1187 2389 exs-

184 2444 306 2513 tinctae.
327 2445 556 2519 Nihilominus
569 2452 682 2517 tamen
701 2447 819 2517 altaria
838 2445 985 2514 dominis
1011 2445 1082 2513 suis
1097 2444 1187 2511 dica-

185 2589 263 2638 vere
277 2570 383 2651 Naxii,
400 2577 514 2659 utpote
524 2571 593 2659 qui,
605 2542 675 2662 jam
690 2562 833 2646 Orientis
845 2569 1003 2660 gentibus
1023 2568 1188 2637 simillimi

184 2692 272 2772 iacti,
297 2714 405 2774 uuum
437 2694 596 2783 idemque
628 2716 748 2786 regum
774 2717 813 2764 ac
842 2698 988 2768 Deorum
1016 2694 1189 2783 fastigium

185 2820 435 2889 arbitrarentur.
454 2822 632 2912 Templum
654 2823 754 2911 igitur
772 2825 850 2892 Deae
863 2824 976 2894 Romae
996 2842 1102 2909 quum
1117 2822 1187 2909 jam

185 2944 259 3013 sine
291 2942 407 3026 dubio,
426 2953 463 3014 ut
487 2953 605 3015 ceterae
634 2937 804 3028 ciuitates,
830 2947 1026 3026 erexissent,
1052 2947 1126 3034 ejus
1154 2945 1187 3010 in

184 3067 293 3138 tronto
312 3090 437 3137 nomen
457 3075 598 3151 tautum,
623 3071 667 3139 ad
684 3072 787 3146 breve
817 3078 966 3162 tempus,
987 3069 1187 3140 mutandum

185 3191 261 3271 fuit,
278 3197 319 3278 ut
335 3194 409 3262 Deae
429 3194 537 3261 Rhodi
556 3195 730 3284 proprium
750 3196 784 3262 id
800 3196 906 3264 fieret.
1070 3268 1073 3274 ,

228 3317 322 3384 Hanc
330 3338 523 3406 supremam
537 3338 650 3386 rerum
666 3320 886 3390 mutationem
900 3320 996 3388 Naxii
1005 3318 1185 3409 pertulere3

186 3460 264 3508 uam
278 3442 313 3507 in
328 3447 527 3530 potestatem
547 3444 774 3512 Romanorum
789 3442 948 3522 recidere,
962 3443 1069 3511 donec
1079 3443 1186 3531 impe-

185 3563 273 3631 rium
288 3565 455 3635 occubuit.
477 3567 606 3635 Novam
623 3565 898 3636 administranda
913 3565 1105 3663 reipublicae
1118 3565 1186 3633 for-

218 3788 256 3859 (l)
271 3790 402 3850 Arriam,
418 3790 492 3841 Bell.
505 3792 572 3852 eiu,
587 3805 615 3856 v,
629 3791 657 3856 73
671 3806 708 3856 ιν,
724 3789 810 3845 65.-
823 3790 993 3854 Phoronea,
1009 3789 1130 3854 Brutus,
1142 3787 1185 3842 32,

136 3869 147 3944 ⁸,
221 3875 260 3947 (2)
276 3877 344 3931 Vide
362 3879 433 3932 infra
455 3879 612 3950 (Append.‚
632 3896 662 3932 no
676 3880 715 3948 7),
733 3880 934 3948 inscriptionem
952 3878 1023 3942 Naxi
1042 3884 1186 3948 repertam,

184 3966 219 4021 do
240 3966 406 4030 Rhodiorum
423 3970 451 4021 in
464 3970 553 4024 insula
565 3970 753 4034 dominatione
769 3967 844 4024 Tune
865 3969 939 4030 Noui
961 3975 1020 4024 erat
1042 3986 1188 4040 aporiamus

184 4049 359 4124 magistratus
377 4056 549 4125 Demiurgus,
567 4058 611 4111 cui
635 4058 802 4118 addebantur
819 4056 908 4112 Rhodi
934 4059 997 4111 Deae
1015 4058 1138 4111 sacerdos
1161 4064 1188 4111 at

183 4142 305 4197 thesauri
317 4145 419 4213 publici
435 4151 562 4214 quaestor.
582 4145 623 4202 Ex
637 4145 688 4202 hac
701 4147 875 4216 inscriptione
887 4152 1000 4216 apparet
1012 4146 1108 4210 Naxon
1117 4162 1186 4214 qoa-

184 4226 246 4276 tuor
257 4228 363 4302 tantum
376 4240 460 4277 annos
473 4225 522 4277 sub
536 4222 650 4286 Rhodiis
660 4225 752 4286 fumas.
