3159 5150
832 567 954 621 ..6-
1052 533 1055 541 ’

226 697 228 701 ’
324 742 327 746 ·
390 708 566 796 elegantia,
600 708 779 796 purissimo
816 728 894 776 cere
926 707 1136 776 circumfusae
1155 707 1390 796 coloribusque

390 832 595 901 tenuissimis
618 830 661 898 ed
682 831 857 899 oculorum
887 831 1143 900 delectationem
1172 831 1298 898 indutae
1321 837 1388 900 ter-

389 978 434 1024 rae
451 956 494 1036 (¹),
516 955 575 1024 sed
590 956 649 1023 ubi
663 943 748 1023 nihil
762 956 880 1036 viride,
905 957 990 1023 nihil
1006 957 1121 1024 laetum
1141 957 1300 1025 luxuriet.-
1322 958 1389 1024 lm-

388 1079 693 1169 pendentebruptae
704 1079 982 1170 fluctibusrupes,
993 1081 1095 1169 inque
1106 1102 1203 1150 eures
1214 1083 1390 1170 eriguntur

388 1209 520 1273 montes
539 1203 634 1284 nudi,
645 1188 769 1293 quiuis
780 1180 958 1297 pecoribus
970 1205 1092 1294 pabula
1105 1208 1221 1296 jejuna
1234 1213 1390 1296 proestare

341 1304 342 1309 ἵ
389 1349 487 1418 posse
502 1328 670 1397 videntur.
685 1328 784 1416 Syros
797 1329 901 1408 enim,
918 1350 993 1417 quae
1008 1329 1049 1397 eb
1061 1332 1206 1400 Homero
1220 1330 1387 1411 (deleme,

389 1459 520 1537 εὔμηλος,
545 1458 720 1537 οἰνοπληθής,
738 1459 906 1543 πολύπυρος,
934 1429 1191 1549 dicehqttlr,‘nil
1212 1456 1276 1523 nisi
1297 1476 1386 1535 saxa,

389 1578 462 1646 sinc
476 1599 572 1666 equa,
590 1579 662 1646 sine
677 1577 795 1657 humo,
812 1576 948 1666 praebet,
966 1578 1025 1645 ubi
1040 1579 1096 1646 vix
1112 1600 1227 1668 peucae
1241 1584 1390 1648 crescent

388 1701 535 1769 arbores
557 1701 657 1769 Delos
678 1705 790 1769 autem
815 1700 856 1768 de
876 1702 973 1790 cujus
986 1701 1144 1770 leudibus
1163 1702 1278 1770 nullus
1292 1709 1390 1793 poeto

337 1892 340 1897 ,
388 1825 557 1905 conticuit,
588 1845 628 1893 ea
651 1829 702 1893 est
729 1814 874 1892 siccitate
897 1830 934 1892 ut
962 1845 1062 1893 nemo
1090 1826 1137 1893 ibi
1164 1826 1253 1895 diem
1282 1849 1389 1895 unum

388 1950 586 2017 commorari
601 1949 717 2038 possit,
731 1948 797 2015 nisi
807 1949 999 2037 praeccverit
1009 1954 1046 2017 ut
1058 1971 1100 2019 ex
1114 1951 1266 2050 proxime
1280 1952 1390 2020 insule

387 2095 473 2163 aqua
488 2074 530 2142 ed
549 2080 667 2163 potum
686 2075 874 2143 necessaria
889 2075 952 2143 sihi
965 2076 1131 2144 efferetur.

430 2201 498 2267 Nec
517 2199 611 2267 aliter
621 2204 654 2267 et
667 2200 790 2278 Naxos,
809 2201 905 2288 cujus
915 2198 1078 2281 fertilitas,
1097 2201 1217 2269 Bacchi
1231 2201 1387 2290 benigni-

328 2338 331 2343 ’
387 2322 444 2390 teti
471 2322 693 2402 attribuenda,
727 2323 928 2404 innotuerat,
964 2324 1079 2393 oculos
1106 2326 1386 2415 praetcrnavigen-

386 2449 471 2515 tium
485 2448 594 2537 primo
609 2453 745 2537 aspectu
760 2449 941 2517 sterilitatis
955 2449 1105 2518 offendit.
1124 2475 1141 2511 «
1153 2450 1323 2531 Quamvis
1341 2452 1388 2519 eit

387 2570 585 2641 Tourneiort
599 2570 641 2652 (3),
658 2573 769 2640 Naxos
787 2593 854 2640 una
882 2593 927 2664 eu⁸
945 2573 1184 2642 arnoenissimis
1207 2575 1387 2663 Cycladum

387 2698 440 2777 sit,
471 2697 569 2764 uobis
598 2696 746 2785 primum
773 2718 812 2766 ec
832 2698 904 2766 vise
923 2703 973 2766 est
992 2720 1067 2787 quae
1094 2699 1261 2767 tristitiem
1281 2700 1388 2789 magis

386 2842 487 2911 quem
501 2821 676 2911 'gaudium
700 2827 863 2890 moveret.
878 2850 894 2885 o
914 2824 1068 2913 Assurgit
1088 2825 1179 2892 enim
1201 2826 1236 2892 in
1254 2831 1387 2894 montes

334 2969 342 2980 ·
386 2967 530 3036 quorum
571 2932 753 3026 cacumina,
789 2967 809 3014 a
842 2948 1077 3037 navigantibus
1114 2950 1214 3039 longe
1255 2952 1386 3040 prospi-

386 3071 543 3175 ciuntur:
858 3085 860 3089 ’

491 3231 703 3302 Bacchatarnque
713 3234 789 3301 jugis
803 3232 910 3299 Naxon,
928 3235 1082 3306 virideuque
1096 3235 1240 3306 Donysam,

467 3363 470 3371 .
492 3319 616 3383 Oleeron,
635 3319 791 3402 niveamque
812 3317 909 3384 Paron,
933 3335 1091 3391 sparsasque
1109 3336 1158 3389 per
1177 3335 1268 3390 aequor

491 3409 629 3480 Cycladas,
643 3418 670 3463 et
682 3410 783 3463 crebris
797 3410 912 3483 legimus
925 3410 995 3464 freta
1008 3412 1111 3465 consita
1121 3410 1202 3465 terris
1217 3408 1257 3466 (⁴).

430 3551 539 3627 Quum
558 3570 638 3619 vcro
658 3551 707 3619 illi
722 3572 741 3618 e
757 3552 984 3640 septentrione
998 3553 1040 3621 ed
1054 3553 1232 3623 meridiem
1246 3578 1384 3646 procur-

385 3679 470 3756 rant,
505 3676 609 3744 littori
649 3676 802 3745 orientali
833 3678 1006 3767 propiores
1035 3678 1137 3767 quem
1174 3681 1383 3762 occidentali,

387 3871 458 4007 1893)
467 3872 574 4024 fmus
588 3888 623 3926 nn
637 3872 745 3941 Vocon,
761 3874 806 3927 Ile
818 3875 854 3927 dc
870 3874 963 3928 Tinoc.
975 3874 1085 3944 (necue
1097 3876 1147 3929 des
1158 3877 1241 3932 Deuc
1254 3877 1384 3939 Mendes,

419 4039 458 4111 (2)
474 4040 584 4110 Odysc„
599 4054 644 4104 xv,
660 4038 722 4094 402.

421 4127 457 4199 (3)
472 4129 567 4183 Relat.
584 4129 655 4183 d'un
669 4145 780 4198 coyaqe
795 4130 870 4184 dans
884 4132 910 4184 le
920 4132 1042 4198 Leuant,
1057 4137 1129 4187 tome
1142 4132 1163 4204 1,
1179 4129 1211 4203 ps
1221 4131 1282 4187 254.

421 4214 459 4288 (4)
470 4215 597 4283 Vmoun,
612 4214 693 4283 AEn.‚
708 4230 755 4279 vu,
772 4215 831 4272 125.
