3159 5150
818 570 976 626 —112-

397 728 488 775 mam
506 708 692 778 instituerat
707 712 748 797 (a.
763 710 801 778 31
820 719 887 781 ant.
907 715 937 780 J.
955 715 1002 801 G.)
1017 715 1200 804 Augustus
1212 737 1287 805 quae
1301 719 1396 811 Prin·

395 833 523 922 cipatus
542 839 656 903 vocata
674 840 735 903 est.
761 836 932 926 Principes
945 843 1070 918 autem,
1093 840 1154 907 etsi
1177 840 1290 909 Romae
1309 844 1395 932 opti-

377 964 500 1025 ·matcs
514 959 658 1026 atrocius
678 959 830 1028 insectati
849 967 975 1030 tantam
998 963 1110 1030 'lecito
1130 948 1394 1054 indignationem

393 1101 540 1162 movere,
559 1087 672 1150 tamen
695 1084 884 1172 provincias
907 1106 988 1175 pace
1011 1107 1170 1176 prospera
1188 1108 1250 1176 per
1264 1096 1394 1158 trecen·

392 1211 444 1273 tos
462 1206 532 1274 fere
554 1227 661 1276 anuos
683 1214 942 1289 recreaverunt;
974 1209 1076 1298 idque
1102 1211 1157 1279 vel
1185 1212 1300 1280 invitis
1313 1234 1393 1281 oon-

391 1331 557 1400 fitendum
584 1341 646 1414 est,
672 1333 736 1401 sub
758 1354 876 1402 eorum
898 1316 1057 1423 irnperio,
1080 1357 1166 1424 quos
1177 1337 1254 1425 jure
1271 1340 1394 1427 posteri

391 1460 551 1544 tanquam
570 1462 723 1546 portenta
737 1458 901 1526 scelerum
917 1460 1069 1527 omnium
1084 1466 1309 1542 exsecrantur,
1323 1482 1391 1544 res-
1465 1547 1467 1551 Ι

390 1582 517 1672 pirasse
535 1588 607 1650 turn
622 1584 801 1672 primuma
815 1585 983 1652 continuis
995 1584 1147 1653 cladibus
1157 1584 1274 1654 orbern
1288 1591 1390 1655 terra-

390 1727 478 1774 rum.
507 1708 686 1795 Nunquam
721 1708 813 1776 enim
843 1713 940 1776 antea
978 1714 1047 1776 tam
1081 1708 1163 1775 felix
1194 1708 1391 1797 Cycladibus

389 1832 496 1920 quies.
527 1834 575 1899 Ne
604 1831 794 1900 libertatem
831 1831 970 1921 quidem
998 1831 1189 1901 desiderare
1217 1838 1387 1921 poteraut,

388 1976 464 2026 eam
478 1959 533 2026 vix
547 1963 646 2026 antea
659 1963 815 2048 expertae.
844 1959 930 2035 Quot
943 1958 1035 2026 enirn
1045 1958 1145 2027 horas
1155 1959 1242 2048 juris
1258 1960 1310 2028 sui
1321 1960 1390 2028 fue

388 2089 473 2163 rant,
491 2102 532 2151 ex
545 2103 612 2171 quo
636 2084 745 2151 Persae
759 2082 887 2150 bellum
907 2084 1047 2171 Europae
1061 2083 1243 2152 intulerant
1257 2090 1271 2150 *ἰ
1285 2084 1390 2160 Quam

387 2206 484 2274 facile
513 2207 563 2275 eis
596 2206 777 2275 toleraudae
809 2206 1011 2274 ridebantur
1037 2207 1183 2296 praefecti
1211 2207 1391 2296 cujuslibet

387 2334 522 2422 rapinas,
540 2333 746 2422 cujusetiam
761 2332 896 2400 avaritia
910 2332 1060 2400 severius
1079 2331 1207 2400 invidia
1223 2333 1389 2400 Caesarum

282 2483 285 2490 ·
386 2457 591 2538 frenabatur,
617 2457 644 2525 si
671 2430 806 2545 quando
835 2455 909 2524 illas
929 2456 1133 2524 vastationes
1157 2457 1390 2524 meminissent

385 2583 509 2671 quibus
523 2603 655 2671 semper
667 2581 821 2650 obnoxiae
832 2583 1017 2671 jacuerant,
1032 2603 1138 2669 quum
1148 2586 1196 2649 tot
1203 2581 1389 2649 ambitiosis

386 2707 572 2776 latronibus
586 2727 728 2795 regnum
739 2727 799 2795 per
818 2726 933 2774 earum
949 2704 1152 2773 calamitates
1166 2710 1385 2793 quaerereturt

336 2911 361 2925 Μ
386 2836 511 2902 lloestae
532 2833 670 2922 quidem
691 2833 839 2901 illustres
863 2831 1033 2900 interdum
1054 2832 1145 2900 viros
1164 2832 1383 2921 excipiebant,

385 2960 420 3026 in
444 2959 668 3048 longinquum
684 2958 840 3026 exsilium
855 2957 1052 3046 impotentia
1065 2956 1194 3024 domini
1211 2934 1327 3047 pulsos
1341 2954 1382 3041 (¹),

386 3086 562 3175 patricium
585 3085 711 3153 scilicet
729 3083 924 3172 quemdam,
944 3089 1002 3151 aut
1022 3083 1215 3163 litteratum,
1237 3089 1295 3151 aut
1311 3083 1385 3152 vitae

384 3211 558 3279 sanctioris
579 3210 764 3292 homiuem,
782 3215 841 3278 aut
865 3209 988 3298 linguae
1012 3209 1212 3297 procacioris
1234 3208 1383 3297 pbiloso-

385 3339 516 3429 phum;
544 3338 635 3428 quod
658 3344 819 3428 regnante
839 3334 970 3407 Tiberio
987 3338 1123 3425 (ll-37),
1143 3338 1220 3406 Gaio
1243 3337 1380 3425 (ar-41),

363 3495 365 3501 ·
384 3465 515 3531 Nerone
527 3463 663 3550 (54-63),
682 3463 872 3531 Domitiano
890 3461 1031 3549 (ar-96),
1047 3482 1115 3530 non
1125 3462 1231 3529 semel
1239 3462 1358 3530 accidit
1373 3487 1380 3529 ε

383 3586 444 3655 sed
462 3608 541 3655 cum
560 3586 625 3654 sibi
653 3608 765 3656 rerum
793 3592 917 3655 statum
934 3585 1095 3675 obtigisse
1113 3586 1196 3653 laetae
1216 3587 1381 3653 miraban-

383 3718 448 3792 tur,
467 3734 533 3801 quo
548 3711 667 3781 alienis
680 3712 793 3792 maliS,
810 3732 878 3779 non
894 3712 976 3792 suis,
990 3710 1188 3779 indolerent.
1202 3711 1289 3779 Nero
1303 3729 1383 3799 prae

382 3838 498 3906 sertim
515 3838 629 3926 inique
643 3839 800 3928 relegatis
821 3837 1015 3906 hominibus
1034 3837 1192 3924 Cycladas
1218 3836 1379 3926 implevit,
1413 3928 1418 3938 Ι

382 3983 527 4050 quorum
553 3963 709 4031 nonnulli
731 3964 850 4030 Naxon
874 3962 1044 4051 appulere.
1062 3962 1205 4041 Silanus
1223 3961 1311 4052 inter
1333 3980 1381 4027 oc-

416 4141 455 4212 (l)
471 4141 582 4207 lovum,
603 4142 624 4208 l,
645 4140 689 4204 73,
712 4141 839 4197 brevibus
856 4140 962 4212 Gyaris.
983 4170 1019 4181 -
1032 4139 1140 4204 Tuom,
1162 4139 1250 4205 Anna
1271 4153 1318 4201 xv,
1336 4134 1378 4187 71.

380 4223 469 4292 AEgaei
481 4224 564 4277 maris
575 4224 671 4277 insulsa
684 4223 815 4276 exsulatis
828 4221 1028 4291 permittuntur.
