3159 5150
627 582 766 635 ..45-

131 704 135 709 ⁸
199 744 342 793 uxorem
373 724 521 802 duxisse,
548 742 628 792 eum
652 743 730 789 cum
754 723 937 797 elatissimo
964 723 1087 789 insulae
1106 742 1204 790 cacu-
1262 790 1264 794 ,

199 851 403 930 minaeum
422 854 537 917 monte
564 848 617 915 Zia
642 845 922 925 confundendum
946 864 1021 914 esse
1045 846 1204 916 demons-

202 975 376 1043 travimus

99 1077 102 1083 ’
246 1090 335 1167 Nino
362 1099 464 1187 igitur
491 1098 533 1166 aa
561 1097 764 1187 geographia
794 1098 877 1164 Naxi
910 1098 1055 1186 amplius
1083 1099 1209 1166 surmus

202 1242 306 1313 quam
332 1224 469 1304 mentia,
501 1223 639 1303 castelli,
674 1223 740 1291 vici
772 1223 886 1303 unius,
916 1222 1127 1311 duarumque
1154 1223 1209 1291 vel

204 1349 309 1415 trium
327 1348 463 1415 urbium
490 1348 639 1415 nomina.
666 1348 788 1414 Earum
808 1367 888 1416 vero
903 1367 972 1415 una
992 1348 1113 1437 opibus
1132 1368 1211 1417 vere

204 1473 345 1542 florebat
356 1497 365 1553 3
394 1479 512 1541 ceterae
525 1473 636 1561 potius
660 1472 881 1561 religionibus
900 1473 1149 1541 memorabiles.
1164 1475 1218 1540 cx

205 1598 358 1665 locorum
377 1597 603 1686 descriptione
615 1597 774 1677 vidimus,
794 1602 914 1687 praeter
928 1597 1011 1664 Naxi
1022 1603 1055 1665 et
1069 1598 1212 1687 Tragaeae

206 1721 336 1789 nullius
355 1722 448 1789 urbis
477 1742 650 1791 remanere
684 1722 825 1809 vestigia
858 1728 958 1825 certa.
988 1723 1026 1789 ln
1045 1723 1214 1810 Drymalia

208 1851 341 1913 tantum
368 1847 456 1915 valle
475 1853 509 1915 et
533 1847 568 1913 in
588 1846 757 1914 Polichnis
772 1845 909 1934 planitie
937 1846 1049 1933 aliqua
1068 1866 1142 1915 esse
1161 1848 1213 1913 in·
1244 1909 1247 1916 .

208 1976 398 2059 veniaque
416 1969 460 2039 ad
478 1971 598 2039 urbem
618 1972 671 2039 vel
697 1971 818 2038 saltem
841 1970 1090 2059 amplissimum
1114 1971 1215 2040 vienn

209 2094 327 2163 referri
351 2094 506 2163 debeant.
532 2095 659 2161 wMirum
678 2094 743 2162 boc
763 2094 913 2183 primum
926 2095 1217 2163 considerantibus

210 2240 313 2308 quam
341 2219 501 2308 opulenta
523 2239 583 2308 per
610 2220 737 2288 multos
761 2239 870 2287 annos
891 2219 1002 2286 insula
1023 2219 1134 2300 fuerit,
1157 2219 1218 2288 sed
1325 2220 1328 2225 ’

211 2350 326 2413 tamen
341 2345 586 2433 explanationis
597 2343 688 2412 haud
704 2343 829 2412 ardnae.
846 2344 943 2433 Agris
962 2346 1146 2434 prasertim
1165 2366 1219 2412 cn

213 2471 335 2552 lendis
374 2472 553 2561 pecorique
587 2470 761 2541 educando
787 2471 959 2539 vacavisse
997 2477 1127 2539 constat
1153 2472 1218 2538 Na-

214 2600 299 2665 xios.
311 2599 457 2666 Numina
471 2599 562 2666 enim
581 2600 706 2680 omnia,
723 2619 870 2688 quorum
884 2605 1146 2667 monumentum
1162 2599 1221 2666 ali-

215 2725 307 2814 quod
332 2725 375 2793 ad
407 2746 470 2794 nos
497 2725 661 2814 pervenit,
691 2746 881 2815 cognomen
910 2726 1036 2794 habent
1067 2746 1086 2793 a
1119 2725 1221 2793 rebus

216 2852 405 2940 agrestibus
429 2851 671 2942 desumptum:
696 2853 815 2920 lovem
839 2852 963 2920 ovium.
980 2851 1156 2919 custodem
1175 2852 1218 2931 (¹¹),

215 2962 596 3066 Apollinem'hircorum
621 2976 800 3066 praesidem
818 2976 870 3057 (²l3
888 2976 1091 3066 pastoralem
1116 2978 1222 3044 Deum

217 3102 336 3169 nescio
351 3122 453 3189 quem
468 3102 511 3181 (³),
534 3101 647 3169 forsan
676 3100 836 3169 eumdem
854 3101 1055 3190 Apollinem,
1075 3101 1122 3168 ibi
1141 3100 1222 3169 ado-

218 3231 309 3318 ratos
329 3244 403 3293 esse
424 3226 561 3292 scimus
586 3225 685 3293 Genti
717 3226 819 3313 igitur
846 3225 943 3292 istius
959 3224 1052 3292 modi
1067 3225 1225 3314 operibus
1266 3207 1271 3215 ¹

220 3351 340 3419 deditae
362 3350 444 3418 urbs
466 3371 534 3419 uua
562 3350 761 3430 sufficiebat,
788 3351 823 3416 in
843 3371 910 3438 qua
930 3355 1150 3436 tractarentur
1172 3371 1226 3419 res

221 3477 473 3566 publicaeque
504 3477 619 3545 rustici
651 3478 749 3546 certis
774 3475 895 3545 diebus
923 3476 967 3544 ad
987 3477 1131 3566 emenda
1152 3498 1227 3564 quae
1275 3489 1278 3492 ‘

222 3603 288 3670 sibi
315 3603 514 3683 necessaria,
550 3602 594 3670 ad
629 3602 837 3691 exportanda
862 3601 1127 3691 exponendoque
1153 3623 1228 3689 quae

223 3728 355 3797 venelia
379 3728 560 3808 habebant,
579 3729 808 3797 convenirent.
828 3729 1007 3817 Reliquum
1019 3732 1153 3816 tempus
1170 3747 1230 3816 per

224 3843 360 3943 campos
379 3853 533 3942 dispersi,
555 3854 589 3920 in
610 3854 680 3921 suis
695 3854 839 3950 quisque
854 3854 985 3942 praediis
1002 3874 1080 3938 curn
1103 3851 1230 3921 familia

261 4060 298 4130 (l)
314 4060 441 4124 Bracara,
456 4060 484 4112 0.
501 4061 525 4113 I.
538 4059 583 4125 G.‚
594 4058 674 4121 2418,
694 4059 758 4138 ὅρος
777 4058 840 4128 Διὸς
854 4052 1012 4132 Μηλωσίου.

262 4161 299 4231 (2)
314 4162 413 4214 Srnrn.
425 4161 500 4225 Bru,
516 4159 633 4238 Τράγιος
651 4147 812 4217 Ἀπόλλων.

262 4250 303 4327 (3)
314 4250 455 4313 Maronea,
471 4249 605 4307 Satura,
621 4246 754 4316 1,p.298‚
770 4235 948 4316 ed.'Leipzig.
