3159 5150
618 494 758 589 ,15-

187 680 304 767 nequa
318 678 496 749 hominum
514 678 619 766 gratie
634 676 802 744 reflueret.
822 676 907 743 Tum
927 696 966 744 ea
985 683 1099 744 mente
1117 697 1192 765 quae

184 804 269 871 solet
287 809 448 890 tyrannos
469 804 557 872 inter
584 823 620 871 se
643 802 845 891 conjunctos
875 807 1002 879 tenere,
1025 801 1190 888 Polycrati

184 949 326 1016 regnum
344 929 436 996 Sami
460 928 627 996 affectanti
649 927 772 995 auxilia
796 926 890 994 misit
903 926 952 1005 111,
967 947 1112 1013 quorum
1128 948 1191 1016 ope

184 1054 251 1131 ille,
269 1052 405 1141 quando
419 1054 521 1120 Samii
548 1073 641 1120 sacra
661 1038 805 1119 iunonis
819 1070 944 1138 magno
964 1071 1130 1119 concursu
1154 1072 1193 1119 ac

184 1178 359 1246 securitate
374 1182 523 1265 agerent,
541 1198 652 1245 arcem
677 1176 811 1254 inuasit,
839 1195 945 1264 eaque
967 1177 1093 1264 potitus
1108 1176 1191 1246 civi-

183 1307 286 1368 tatem
302 1305 407 1367 totam
421 1319 519 1367 suam
533 1299 622 1367 fecit.
641 1298 822 1387 Lygdamis
837 1305 963 1379 tamen,
982 1299 1143 1367 Pisistrati
1160 1306 1193 1367 et
1224 1351 1226 1355 ,

185 1425 366 1513 Polycratis
386 1425 554 1514 exemplo,
572 1425 606 1492 id
622 1426 733 1493 effecit
747 1433 785 1493 ut
804 1431 1105 1514 rerumgestarum
1121 1427 1192 1515 glo-

182 1552 230 1619 ria
254 1552 413 1640 iniustam
427 1571 466 1619 ac
481 1551 569 1618 male
593 1556 722 1638 partam
736 1555 938 1640 potestatem
963 1551 1188 1619 excusaretP).

184 1676 244 1744 Illo
259 1673 351 1744 enirir
366 1681 529 1765 regnante
544 1682 576 1743 et
592 1676 662 1764 agri
677 1675 820 1744 feliciter
834 1676 928 1754 culti,
940 1682 974 1743 et
989 1677 1191 1744 commercia
1267 1764 1271 1771 .

183 1824 260 1870 cum
288 1802 448 1870 omnibus
477 1802 598 1868 insulis
626 1801 872 1889 maritimisque
887 1802 975 1868 Asia}
1002 1801 1191 1869 civitatibus

184 1927 371 2015 conjuncta.
391 1927 436 1991 Eo
459 1930 610 2014 tempore
639 1925 734 1992 Naxii
763 1925 865 1992 maris
880 1925 981 2013 AEgaei
997 1925 1188 2013 imperium,

183 2041 274 2128 quod
291 2048 388 2110 antea
402 2042 503 2109 Samii
528 2047 561 2109 et
580 2040 743 2129 Spartani,
762 2041 992 2108 obtinuerunt.
1010 2041 1190 2108 tamenim

184 2157 264 2223 Paro
279 2162 312 2224 et
326 2155 450 2235 Andro,
468 2157 651 2244 aptissimis
666 2155 710 2222 ad
731 2176 786 2224 res
808 2156 959 2224 nauticas
977 2156 1109 2235 insulis,
1129 2177 1189 2244 po-

103 2340 111 2361 ,
182 2280 242 2360 titi,
260 2280 351 2348 haud
366 2300 466 2369 tagre,
484 2280 723 2369 adjuvantibus
737 2281 858 2348 Samiis
869 2280 912 2359 (³),
933 2286 1059 2349 ceteras
1075 2273 1189 2368 Cycla-

183 2404 241 2472 das
260 2406 295 2471 111
324 2403 488 2471 ditionem
517 2424 614 2472 suam
643 2402 859 2492 redegerunt,
890 2410 922 2472 et
951 2403 1070 2472 decem
1084 2425 1191 2472 annos

182 2530 332 2618 AEgaeum
347 2549 407 2617 per
425 2548 517 2597 mare
549 2527 713 2596 dominati
739 2533 829 2595 sunt.
849 2528 935 2595 Tum
951 2527 1087 2597 inventa
1102 2527 1191 2618 apud

182 2677 240 2723 eos
253 2655 308 2723 vel
328 2656 363 2721 in
379 2657 565 2745 plurimum
592 2677 692 2723 usum
714 2654 864 2722 adhibita
885 2675 924 2723 ea
951 2655 1090 2724 navium
1114 2678 1190 2746 spe-

182 2771 248 2838 cies
256 2792 339 2859 ‚quae
356 2796 371 2831 κ
388 2773 561 2857 Ναξιουργὴς
582 2779 717 2858 κάνθαρος
735 2798 751 2832 »
768 2770 810 2837 ab
832 2770 950 2839 insulae
971 2771 1109 2841 nomine
1135 2793 1192 2839 vo-

17 2865 19 2912 ἷ
183 2901 288 2961 catur.
303 2919 318 2955 α
330 2894 367 2960 Id
383 2895 473 2962 enim
490 2893 616 2982 navigii
638 2914 747 2982 genus
760 2893 789 2946 (⁴)
810 2896 844 2960 in
856 2896 948 2961 Naxo
962 2895 1074 2962 insula
1088 2895 1190 2963 fohri-

182 3026 292 3088 catum
321 3026 402 3100 erat,
435 3041 543 3108 eoque
567 3021 782 3109 potissimum
812 3021 920 3100 Naxii,
950 3043 1018 3109 quo
1042 3028 1191 3111 tempore

180 3138 283 3204 maris
307 3135 489 3225 imperium
511 3136 698 3215 obtinuere,
722 3136 925 3213 utebantur;
947 3137 1091 3205 navibus
1112 3158 1191 3206 vero

181 3259 261 3326 urbs
271 3280 425 3347 qumque,
434 3260 599 3348 cujusque
615 3261 748 3348 generis
760 3261 940 3340 inventrix,
953 3281 1078 3329 nomen
1090 3282 1189 3328 suum

184 3374 304 3441 indidit
314 3399 323 3454 ;
343 3375 389 3442 ita
403 3375 561 3443 cantharo
579 3395 704 3442 nomen
720 3375 838 3443 Naxio.
858 3403 874 3437 o

136 3501 137 3504 ’
225 3490 301 3571 Sed,
325 3496 361 3556 ut
388 3490 548 3558 Pisistrati
564 3511 627 3580 ope
643 3512 812 3559 summam
829 3496 1029 3580 potestatem
1049 3491 1192 3581 adeptus

182 3618 251 3680 erat
266 3613 458 3701 Lygdemis
481 3614 538 3693 ita,
559 3615 710 3704 expulsis
736 3615 897 3684 Pisistrati
924 3616 1014 3695 filiis,
1034 3616 1191 3684 Athenis-

213 3890 250 3959 (l)
266 3890 400 3954 Pontum,
417 3889 561 3959 stratui),
574 3889 595 3951 1,
610 3890 655 3955 23,
670 3891 697 3944 2.

215 3985 252 4057 (2)
268 3987 389 4052 Hunon„
405 3987 451 4052 111,
463 3986 508 4052 57,
524 3988 653 4042 describit
667 3988 812 4060 Cycladum
828 4009 860 4044 ea
877 3997 957 4048 aetate
976 3991 1190 4060 prosperitatem.

217 4082 254 4150 (3)
270 4083 402 4148 Dieron,
418 4083 478 4148 Vll,
495 4083 537 4139 13.

215 4177 253 4249 (4)
265 4180 429 4245 Aarsrorn„
447 4178 524 4246 Pac,
544 4179 712 4247 14111111.
