3159 5150
639 593 778 649 ...37-

206 736 393 805 eminentes
417 735 493 803 illos
519 736 631 803 ferunt
655 757 781 805 euneos
794 792 803 817 ,
817 775 819 778 ·
835 736 960 825 quihus
981 735 1024 805 ud
1052 737 1210 824 erigenda

207 866 297 928 tanta
311 860 460 949 pondera
479 881 564 949 opus
583 867 663 928 arat.
681 863 922 931 Maritimarum
948 881 1105 929 aurarum
1124 863 1208 930 acri-

209 987 273 1054 tate
291 986 337 1052 ita
361 1005 461 1054 exesa
483 993 563 1053 sunt
583 1006 770 1066 marmora,
799 992 837 1054 ut
859 987 990 1054 artificii
1009 1007 1118 1075 genus
1138 988 1209 1076 jam

207 1133 277 1180 non
291 1112 467 1181 manifeste
481 1119 649 1201 appareat.
673 1114 785 1181 Unum
800 1119 913 1181 tamen
928 1132 970 1181 ex
985 1112 1093 1180 tribus
1106 1113 1207 1191 saxis,

206 1239 332 1328 quihus
359 1224 463 1307 limen
488 1238 629 1307 inferius
652 1239 878 1329 compositum
904 1244 977 1319 est,
1007 1239 1211 1330 crepidinem

207 1364 272 1433 lert
291 1382 331 1432 eo
354 1363 455 1431 mado
482 1363 696 1453 dispositam,
720 1369 757 1431 ut
779 1364 858 1432 huic
881 1368 985 1452 portae
1006 1383 1027 1430 a
1046 1364 1210 1453 principio

208 1510 277 1558 non
291 1490 396 1558 fuisse
413 1490 617 1558 destinatum
633 1497 800 1579 appareat.

253 1614 354 1703 Cujus
372 1612 454 1682 aedis
473 1613 543 1681 haee
563 1617 658 1702 perta
680 1613 782 1681 fuerit
801 1634 894 1680 nunc
915 1614 1112 1685 videndum.
1135 1615 1212 1692 Qui—

208 1742 298 1821 dam,
314 1720 397 1808 dum
412 1740 558 1808 insulam
573 1740 732 1809 Palatiam
746 1739 909 1808 vocanti)
929 1740 1120 1828 significant
1141 1761 1212 1809 cre-

210 1867 289 1935 dere
304 1887 341 1934 se
359 1865 406 1932 ihi
416 1865 632 1954 magnificam
644 1864 814 1969 exstitisse
829 1864 982 1944 domum,
1000 1864 1036 1931 id
1051 1869 1102 1933 est
1121 1864 1212 1954 pala-

208 1992 305 2071 tium,
318 1992 415 2079 cujus
426 1990 545 2058 usibus
556 1991 709 2059 cisternae
722 1991 837 2060 multae
850 1991 1081 2080 aptaefuerint,
1101 1991 1214 2060 undas

210 2117 420 2184 ministrante
437 2115 637 2203 aquaeductu
662 2114 719 2183 illo
742 2135 845 2203 quem
867 2115 995 2184 Lichtle
1014 2120 1048 2183 et
1068 2114 1154 2183 Pash
1173 2114 1216 2183 de

211 2241 335 2309 Kriene
347 2240 505 2309 viderunt
515 2240 898 2329 integrum.Verisimile
913 2241 1006 2309 enim
1020 2245 1082 2319 est,
1102 2238 1213 2308 Medio

211 2370 305 2446 AEvc,
326 2367 362 2433 in
387 2366 452 2434 hac
471 2367 621 2454 scapula,
638 2365 683 2434 ad
700 2341 861 2434 arcendas
881 2387 900 2435 e
921 2372 1020 2455 portu
1034 2367 1216 2456 piratarum

211 2513 314 2562 naves
328 2497 362 2562 et
375 2492 417 2559 ad
432 2491 662 2560 observandos
685 2492 796 2560 aditus
816 2493 994 2582 exitusque
1014 2476 1216 2582 cymbarum

211 2619 389 2688 castellum
411 2618 514 2688 fuisse
529 2621 689 2708 positum,
711 2621 808 2710 eujus
823 2619 983 2707 reliquias
1003 2641 1095 2688 nunc
1115 2621 1217 2689 etiam

213 2745 365 2814 invenire
384 2749 446 2824 est,
477 2733 619 2832 tegulas,
653 2744 823 2823 imbrices
840 2744 1031 2823 'caementa3
1053 2764 1217 2831 aquarum

212 2876 325 2939 autem
357 2869 502 2948 canales,
536 2869 763 2956 cisternasque
790 2867 954 2957 presidiis
984 2871 1103 2956 petum
1131 2887 1215 2957 prae-

214 2999 348 3079 huisse;
373 3001 504 3064 cavatas
525 2996 625 3074 etiam
649 3015 798 3064 cameras
821 2994 999 3064 frumentis
1014 3014 1216 3062 conservan-

214 3122 267 3219 dis
285 3120 479 3189 destinatas.
502 3120 574 3186 Hoc
598 3138 679 3187 uero
699 3125 829 3187 certum
852 3123 914 3199 est,
936 3139 1006 3186 non
1028 3119 1218 3186 Graeccrum

215 3269 326 3337 neque
361 3250 587 3316 Romanarum
617 3269 702 3337 opus
732 3268 807 3316 esse
831 3248 928 3315 illum
961 3247 1215 3336 aqueductum.

216 3376 312 3442 Porta
330 3373 469 3462 quidem
483 3373 518 3439 in
533 3373 639 3440 muris
654 3372 781 3441 castelli
795 3371 937 3451 inclusa,
950 3377 1049 3459 atque
1060 3371 1103 3437 ad
1118 3391 1219 3439 usum

215 3498 401 3588 quemlibet
424 3518 586 3566 conversa
617 3497 692 3565 fuit.
715 3497 790 3586 Ipsa
822 3500 936 3564 autem
965 3495 1091 3585 templa
1119 3494 1219 3562 alicui

216 3624 346 3693 aditum
368 3623 501 3692 videtur
518 3623 665 3702 dedisse,
682 3622 774 3711 quod
799 3640 975 3710 nunquam
1000 3617 1063 3686 fuit
1083 3620 1218 3688 ahsolu-

216 3759 301 3819 tum.
316 3737 475 3828 Qua'mvis
492 3749 584 3822 enim
605 3749 773 3828 Piscenae,
796 3749 882 3817 Pash
902 3747 945 3815 de
965 3746 1101 3824 Kriene,
1124 3745 1221 3812 Choi-

216 3874 460 3942 seul-Gouffier
474 3872 583 3960 (168),
605 3878 717 3961 atque,
741 3878 855 3941 nostra
874 3873 975 3940 etiam
1000 3877 1107 3951 aetate,
1138 3871 1221 3937 Ross

219 4001 315 4090 (Lar)
335 4002 453 4091 templi
471 4001 563 4068 illius
582 4000 725 4089 vestigia
739 4021 776 4069 se
800 3999 926 4068 vidisse
949 3998 1072 4077 dicant,
1095 4003 1220 4086 quantu

214 4275 216 4280 >
254 4244 293 4314 11.)
307 4243 426 4300 meu
439 4247 467 4297 et
479 4242 555 4296 Pasa
568 4255 604 4300 cn
618 4239 736 4305 1111111111,
748 4256 774 4308 p.
788 4236 833 4291 63.
