3159 5150
785 605 925 659 ..62-

239 772 245 795 ⁸
354 771 433 820 eum
443 748 611 817 Bacchum
621 748 781 828 referunt,
795 769 896 837 quem
909 750 1062 817 indicum
1070 750 1352 839 nuncupamnsl¹l,

354 874 490 943 barbato
500 874 608 953 vultu,
622 873 743 962 capillo
757 873 928 963 barbaque
943 876 977 942 in
987 877 1200 964 Assyriorum
1214 876 1355 944 modum

264 1031 268 1038 ·
354 999 595 1079 calamistratis,
618 999 719 1088 longa
733 997 946 1088 demissaque
961 1021 1064 1089 prope
1079 999 1122 1068 ad
1135 1001 1220 1068 talos
1230 1001 1352 1079 tunica,

353 1126 512 1215 poculum
519 1125 574 1193 vel
588 1125 742 1212 thyrsum
752 1123 867 1194 dextra
880 1131 1027 1195 tenente.
1036 1128 1074 1194 ln
1088 1098 1205 1209 auersa
1213 1132 1355 1194 moneta

351 1258 455 1340 parte,
470 1230 774 1339 femineum'caput,
792 1251 847 1318 vel
862 1252 956 1330 Naxi,
974 1252 1134 1340 nympha
1147 1272 1222 1340 qnae
1237 1251 1355 1318 insnlae

351 1395 476 1443 nomen
497 1372 600 1453 dedit,
622 1373 678 1442 vel
696 1374 797 1442 unius
817 1395 835 1442 e
855 1374 974 1442 Bacchi
990 1354 1189 1443 nutricibus,
1205 1375 1355 1462 Antiqui-

351 1505 406 1567 tus
426 1499 540 1578 etiam,
567 1498 643 1565 rudi
666 1497 777 1566 adhuc
789 1505 871 1580 arte,
888 1501 978 1567 Deus
988 1498 1101 1588 aliquo
1117 1501 1213 1588 signo
1233 1498 1353 1587 ¹rcprae-

352 1628 502 1692 sentatus
526 1628 608 1701 erat,
634 1644 711 1700 uva,
733 1623 854 1712 poculo
879 1624 931 1691 vel
951 1623 1090 1712 scypho,
1116 1623 1252 1702 hedera,
1272 1623 1350 1699 vite,

351 1748 480 1835 thyrso,
495 1746 620 1825 laurea,
639 1745 693 1813 vel
707 1745 809 1813 etiam
822 1746 944 1834 tigride
962 1752 1020 1814 aut
1033 1748 1209 1836 panthera.
1227 1747 1353 1813 Harum

350 1873 534 1940 formarum
550 1870 662 1958 aliqua
680 1871 737 1937 aeri
759 1876 818 1937 ant
842 1875 980 1959 argento
995 1871 1123 1939 inausa.
1151 1871 1268 1938 Postea
1288 1869 1352 1935 im·
1457 1928 1462 1933 .

350 2001 541 2085 paratorum
557 1996 784 2062 Romanorum
807 1995 861 2062 vel
886 2015 1031 2064 uxorum
1056 1994 1185 2083 effigies
1208 1995 1243 2060 in
1258 1993 1351 2061 testi-

350 2122 502 2188 monium
521 2120 645 2187 amoris
660 2120 852 2207 civiumque
869 2118 980 2187 'studii
1002 2119 1146 2187 monetis
1169 2119 1349 2208 impressae.

393 2249 436 2316 Ut
457 2246 574 2335 prisoae
597 2251 754 2325 moneta,
776 2246 822 2312 ita
847 2251 881 2314 et
895 2246 1136 2333 antiquissima
1156 2251 1272 2313 statua
1296 2245 1350 2311 ln-

350 2373 415 2440 dici
429 2372 548 2440 Bacchi
568 2371 716 2460 effigiem
737 2377 870 2460 gerunt.
888 2373 1021 2460 Ligneae
1044 2371 1183 2460 quidem
1196 2391 1245 2440 eae
1259 2376 1349 2447 sunt,

351 2488 470 2587 corpus
494 2517 535 2565 ex
561 2495 674 2576 vinea,
698 2501 798 2585 caput
817 2515 858 2564 ex
874 2497 940 2563 ficu
961 2495 1165 2564 conflatae).
1182 2496 1301 2563 Postea
1318 2496 1352 2563 in

349 2623 445 2691 aereis
464 2622 729 2710 marmoreisque
752 2622 940 2690 simulacris
955 2622 1035 2690 vicit
1053 2622 1219 2690 recentior
1239 2627 1349 2709 typus,

350 2751 579 2839 figuratusque
595 2753 645 2832 est¹
658 2749 746 2815 Deus
760 2748 896 2835 qualem
922 2767 958 2815 se
986 2747 1112 2817 vidisse
1127 2754 1222 2837 putat
1239 2749 1350 2815 Bnon-

350 2874 522 2943 delmonte
534 2894 637 2963 prope
663 2875 780 2940 Naxon
800 2871 974 2961 oppidum,
993 2872 1201 2953 adolescens
1223 2872 1346 2950 nudus,

350 2998 506 3067 muliebri
525 2998 622 3066 vultu
640 3018 678 3064 ac
693 3016 843 3085 corpore,
866 2998 989 3086 reJ‘ecta
1002 2999 1212 3087 negligenter
1230 2998 1264 3064 in
1288 3002 1351 3064 ter-

350 3146 431 3213 gum
442 3121 573 3212 tigridis
586 3121 685 3212 pelle,
705 3120 829 3189 vitibus
844 3121 987 3210 uvisque
1006 3127 1195 3200 coronatus,
1214 3128 1247 3189 et
1261 3120 1350 3206 thyr-

350 3270 399 3328 so,
416 3249 602 3317 humerove
621 3247 719 3315 amici
738 3247 791 3314 sui
805 3247 937 3336 Ampeli
952 3247 1098 3332 innixus.

386 3476 423 3549 (l)
443 3477 555 3539 Honos„
574 3476 672 3541 Creta,
692 3477 730 3542 ll,
756 3496 783 3547 p.
805 3476 864 3531 170.
887 3507 918 3518 -
941 3478 974 3530 Α.
995 3477 1112 3542 Maean,
1132 3478 1172 3529 les
1192 3477 1286 3547 Relip.
1314 3476 1351 3528 de

268 3587 270 3592 ¹
351 3563 476 3634 l'antiq„
491 3563 512 3629 l,
526 3565 576 3617 sub
585 3564 647 3616 fine.

385 3659 422 3730 (2)
437 3661 582 3724 Auamma,
595 3653 721 3748 Νᾳξιακά
733 3659 768 3714 fr.
783 3687 816 3699 -
834 3661 1001 3722 Aornosra„
1017 3663 1054 3717 id.
