3159 5150
806 536 946 591 -28-

380 678 450 745 das.
475 680 549 746 Non
567 686 681 746 antem
697 678 830 746 videtur
846 679 954 767 prisce
967 684 1047 747 aetas
1062 663 1185 747 similia
1204 680 1382 747 simulacre

380 801 544 889 sepulcris
563 801 735 897 includere
750 802 858 882 solita,
880 804 938 889 qui
958 823 1033 870 mos
1052 808 1167 870 contra
1185 803 1220 869 in
1239 806 1381 907 AEgppto

379 946 514 1014 semper
536 927 666 1014 viguit,
696 928 787 997 unde
814 929 849 995 in
875 929 1004 995 insulas
1033 933 1204 1017 totamque
1223 929 1382 996 Graeciem

380 1053 520 1119 venerit.
550 1054 588 1119 ln
614 1053 677 1121 hec
705 1076 785 1123 vero
814 1055 986 1142 Drymalie
1008 1056 1096 1123 valle
1120 1056 1183 1122 fuit
1206 1054 1382 1154 Serapidos

380 1179 545 1268 templum
565 1182 815 1270 acpraecipuus,
837 1183 946 1271 primo
970 1188 1046 1250 ante
1062 1182 1230 1250 Christum
1254 1182 1379 1259 seculo,

381 1302 502 1369 cultus.
529 1304 636 1371 Testis
655 1311 762 1373 exstat
789 1306 973 1394 inscriptio,
1001 1307 1159 1395 inparve
1184 1306 1261 1395 pagi
1287 1306 1382 1370 Chul-

261 1510 262 1517 *
381 1431 499 1493 trorum
523 1429 664 1497 ecclesia
688 1436 866 1499 asservato.
897 1435 975 1497 Dtoo
1000 1434 1130 1515 Georpto
1153 1434 1384 1518 nuncupatum

306 1570 314 1587 ·
381 1551 582 1632 delubrum,
615 1538 883 1643 inscriptumque
913 1576 1063 1622 marmor
1095 1560 1197 1645 portae
1224 1574 1384 1642 superum

382 1678 487 1746 limen
508 1680 647 1769 effingit.
670 1682 750 1770 Ejus
774 1686 825 1750 cst
842 1682 1015 1771 temporis,
1037 1703 1105 1770 quo
1126 1680 1246 1779 Rhodii
1266 1679 1385 1746 insnlae

382 1804 594 1872 dominatum
614 1806 656 1873 ab
678 1808 849 1886 Romanis.
877 1812 954 1897 post
974 1807 1226 1896 Philippensem
1251 1803 1386 1871 Antonii

383 1929 569 2010 victoriam,
587 1931 806 1999 obtinuerunt
822 1930 865 1997 (¹).
885 1972 891 1985 ·

425 2059 499 2124 lam
527 2058 591 2125 hoc
622 2058 844 2138 animadverti
869 2047 1022 2148 dignum*
1037 2067 1098 2138 est,
1122 2061 1208 2127 iuter
1227 2058 1387 2126 tredecim

383 2181 481 2283 vallis
496 2203 600 2271 pagos
619 2188 762 2271 quotuor
775 2185 917 2252 existere
940 2205 1084 2272 quorum
1099 2185 1238 2252 nomina
1252 2183 1388 2270 antiqua

369 2308 548 2399 ¹uocabula
559 2309 716 2389 referant,
733 2315 848 2377 chtllct'
864 2312 989 2397 (χαλκοῖ,
1012 2313 1099 2397 aera),
1116 2314 1247 2375 Keramd
1263 2310 1387 2396 (κέραμοι

385 2431 529 2518 tegulae),
547 2436 718 2500 Acudtmto
734 2432 907 2519 (Ἀκαδημία,
929 2433 1048 2500 hortus
1061 2432 1242 2520 Academi),
1264 2437 1297 2499 et
1310 2431 1387 2530 Poi-

385 2555 446 2623 lotl
458 2556 575 2643 (φιλωτί,
587 2556 621 2625 id
637 2563 687 2626 cst
696 2561 863 2645 pilonico),
876 2557 968 2646 quod
980 2560 1062 2626 Ross
1077 2556 1109 2612 (ἵ)
1125 2558 1237 2626 hel'0'1's
1251 2555 1388 2623 Philotae

386 2683 557 2748 tumulum
573 2683 820 2770 interpretatur.
839 2684 891 2750 Sic
905 2689 939 2751 et
953 2683 1042 2772 apud
1060 2683 1200 2771 Nauplio
1215 2681 1388 2749 castellum

386 2804 557 2892 quoddam
572 2809 710 2874 vocetur
722 2805 951 2873 Palemideum
966 2808 1197 2892 (Παλαμηδεῖον),
1211 2802 1389 2872 Polemidis

388 2931 666 3010 silicetheronm,
683 2933 742 3019 qui
757 2932 903 3019 regionis
918 2932 1009 2999 illius
1028 2952 1087 2999 rex
1107 2932 1188 2999 olim
1203 2935 1278 3016 erat
1290 2982 1296 2995 .
1309 2931 1390 3016 Dry-

388 3057 497 3124 meliae
512 3058 615 3145 igitur
628 3058 720 3126 vicos
731 3058 785 3125 vel
800 3077 842 3125 cx
861 3057 1008 3124 inventis
1022 3058 1069 3124 ibi
1082 3056 1205 3145 tegulis
1228 3056 1389 3142 aereisque

388 3182 489 3258 vasis
511 3181 625 3249 velex
652 3187 847 3250 conservato
874 3181 986 3249 herois
1009 3181 1156 3258 Philotae,
1186 3185 1244 3247 aut
1263 3177 1389 3246 Acade-

389 3276 729 3396 micaephilosophiae
751 3306 943 3378 scholarum
964 3306 1136 3396 memoria¹
1150 3303 1314 3372 vocabula
1335 3321 1388 3368 ce-

389 3429 479 3517 pisse
494 3430 677 3518 probohile.
700 3431 747 3495 llx
767 3430 834 3496 illis
853 3430 954 3517 igitur
975 3429 1134 3497 omnibus
1154 3427 1285 3495 indiciis
1309 3446 1389 3493 con-

390 3555 480 3622 cludi
492 3561 612 3644 potest,
630 3556 665 3621 in
680 3556 766 3624 valle
781 3563 896 3625 nostro
906 3557 1026 3624 urbem
1036 3556 1214 3635 exstitisse,
1231 3559 1289 3622 aut
1304 3560 1391 3621 certe

390 3703 515 3772 pagum
530 3684 787 3772 amplissimum,
810 3685 868 3773 qui
883 3684 959 3751 urbi
978 3685 1071 3751 Naxo
1095 3687 1226 3750 tentum
1245 3680 1388 3749 cederet.

293 3779 295 3784 Ι
389 3810 518 3898 Nempe
546 3814 620 3897 post
657 3808 830 3878 Livadium
858 3808 1067 3897 amplissime
1090 3812 1123 3875 et
1154 3804 1394 3912 fecundissimo

426 4104 461 4175 (1)
477 4104 546 4157 Vide
559 4104 630 4157 infra
641 4089 841 4172 inscriptionem
855 4109 885 4153 n⁰
898 4103 926 4166 7,
941 4100 1065 4171 apendix.

426 4192 464 4263 (2)
480 4193 529 4264 Op.
547 4195 607 4258 cit,
622 4192 643 4257 l,
658 4189 702 4254 42,
713 4197 743 4242 n⁰
757 4189 817 4260 14„
