3159 5150
793 563 959 633 ,234-

387 706 528 774 eoolesia
546 705 710 786 innititur,
742 725 790 773 eae
808 711 885 774 ante
910 726 1019 773 unum
1045 706 1198 774 seculum
1218 707 1260 774 ab
1279 708 1390 777 insula

386 831 467 897 Delo
485 831 625 897 inventae
651 834 741 909 sunt,
764 835 797 897 et
819 830 1011 916 Byzantinis
1024 831 1186 919 capitellis
1196 839 1310 899 auetae.
1328 835 1388 900 Ra-

385 954 489 1021 riores
498 954 744 1043 inscriptiones,
754 953 897 1022 rariores
907 954 1204 1045 etiamsoulpturae.
1213 957 1387 1024 Esttamon

385 1080 420 1145 in
435 1079 611 1169 eujusdam
635 1079 757 1148 domus
785 1081 922 1169 pariete,
945 1102 1046 1169 supra
1057 1086 1186 1170 portam
1200 1082 1387 1149 ornamenti

384 1210 495 1285 eausa,
519 1204 688 1271 inclusum
713 1225 861 1273 marmor
882 1205 988 1273 virilis
1013 1207 1162 1295 eorporis
1182 1207 1387 1294 superiorem

383 1336 511 1418 partem
521 1330 680 1411 11111111,
694 1331 914 1398 solertissima
929 1351 1033 1398 manu
1043 1332 1251 1420 exsculptam
1258 1355 1267 1411 ;
1279 1338 1388 1398 cetera

382 1474 462 1523 vero
471 1460 528 1522 aut
535 1456 643 1543 magis
655 1454 839 1524 deformata
847 1476 948 1542 quam
961 1460 998 1521 ut
1012 1461 1118 1524 artem
1127 1454 1317 1544 dignoscas
1330 1460 1387 1522 aut

382 1580 479 1649 rudia
493 1582 631 1649 omnino
643 1603 682 1650 ao
701 1583 773 1651 sine
792 1583 899 1671 pretio
914 1588 1005 1649 sunt.
1023 1583 1260 1673 Inscriptiones
1274 1587 1385 1650 autom

382 1727 512 1788 01111111,
526 1727 593 1774 una
603 1711 751 1796 excepta,
763 1706 922 1786 funerea,
939 1727 1050 1794 neque
1064 1705 1275 1773 Macedonica
1294 1712 1386 1774 aetate

381 1832 582 1920 superiores.
602 1833 741 1901 Inventa
761 1830 923 1900 etiamad
946 1829 1123 1899 meridiem
1147 1832 1242 1899 oollis
1266 1829 1385 1899 urbani

381 1960 545 2049 sepulcra,
559 1961 688 2028 eineres
702 1959 813 2027 adhue
828 1958 1042 2025 continentia.

426 2077 486 2144 His
509 2057 610 2165 igitur
637 2076 866 2160 consideratis,
893 2074 1026 2143 nullum
1045 2074 1150 2142 alium
1175 2077 1289 2142 looum
1309 2094 1383 2142 esse

380 2200 438 2287 qui
452 2204 501 2268 tot
518 2199 697 2267 commoda
710 2200 786 2267 urbi
800 2197 1002 2267 adificandae
1014 2203 1047 2266 et
1057 2199 1295 2268 conservandae
1305 2200 1384 2267 offe-

380 2321 440 2397 rat,
462 2317 520 2405 qui
539 2322 573 2385 11
586 2322 717 2384 tantum
735 2317 807 2404 agri
827 2316 972 2404 spatium
998 2321 1032 2383 et
1052 2321 1168 2405 portus
1192 2316 1379 2393 utilitatem,

380 2446 413 2508 et
439 2440 525 2507 arcis
557 2440 840 2528 opportunitatem
863 2445 1007 2530 praestet,
1038 2461 1144 2527 quum
1171 2445 1220 2507 tot
1247 2425 1383 2528 insuper

275 2594 280 2602 ·
380 2570 511 2635 exstent
524 2565 700 2633 vetustatis
722 2570 954 2645 monumenta,
968 2586 1036 2633 uon
1051 2564 1195 2634 dubitari
1205 2569 1315 2655 potest
1328 2563 1384 2631 hio

380 2694 475 2766 sitam
490 2694 595 2763 fuisse
610 2693 742 2774 urbem,
758 2693 879 2760 insulae
890 2699 1000 2782 caput.
1017 2694 1133 2788 Neque
1145 2694 1214 2761 ulla
1224 2694 1300 2770 alia,
1317 2692 1382 2758 nisi

378 2839 453 2906 quae
472 2839 655 2908 permagna
668 2818 780 2898 fuerit,
803 2823 930 2885 tantam
944 2837 1152 2922 marmorum
1166 2816 1383 2905 lapidumque

378 2944 449 3012 vim
467 2943 638 3012 hodiernis
656 2944 787 3012 aedibus
807 2944 1021 3011 ministraret.
1040 2943 1098 3009 Cui
1118 2941 1238 3010 rationi
1254 2961 1319 3008 una
1331 2961 1384 3007 res

307 3079 313 3086 ’
379 3060 480 3149 ohjioi
505 3065 627 3149 potest,
649 3061 776 3128 sedicet
795 3059 913 3128 deesse
922 3079 1056 3147 aquam,
1078 3058 1208 3125 nullam
1225 3077 1380 3125 1111111-

377 3187 456 3255 bem
484 3186 557 3254 sino
585 3207 672 3274 aqua
699 3187 840 3275 longum
865 3193 999 3274 tempus
1027 3184 1212 3252 duravisse.
1244 3184 1380 3250 Fluvios

378 3312 469 3379 enim
497 3311 556 3399 qui
574 3331 634 3400 per
651 3310 822 3379 Livadiam
841 3312 969 3391 transit,
994 3315 1072 3378 ante
1092 3329 1196 3397 quam
1218 3307 1261 3376 ad
1288 3327 1379 3375 mare
1491 3359 1493 3362 .

377 3436 560 3526 perveniat,
577 3435 716 3524 paulurn
732 3434 775 3503 ad
794 3435 972 3503 meridiem
990 3434 1190 3512 deflectitur,
1208 3432 1379 3519 effluitque

378 3560 412 3626 in
430 3559 571 3648 paludes
589 3560 705 3640 salsas,
728 3559 831 3627 littori
848 3560 1029 3648 proximas
1048 3559 1109 3635 Qui
1123 3557 1254 3624 rivulus
1267 3555 1377 3624 adex-

377 3692 523 3754 tremum
537 3691 653 3775 portus
671 3687 776 3755 linem
798 3685 997 3765 infunditur,
1028 3690 1145 3773 potum
1174 3704 1243 3750 non
1258 3682 1377 3749 minis-

377 3815 451 3888 trat,
468 3809 552 3878 adeo
567 3830 697 3878 amaras
707 3818 740 3878 et
757 3811 846 3878 male
864 3810 1017 3878 salubres
1039 3810 1169 3898 corpori
1192 3808 1301 3876 undas
1322 3807 1377 3875 vol
1445 3887 1446 3890 Ἴ

377 3934 720 4006 11111111111111111
732 3939 817 4002 Fons
831 3935 886 4004 vel
901 3939 1062 4022 Botorum
1076 3933 1120 4012 (¹),
1138 3932 1376 4001 idomfortasse

410 4129 450 4201 (lt
464 4091 690 4185 Buonornuorun
706 4149 713 4185 z
729 4130 857 4184 Balneum
870 4130 1004 4184 Ariadnae.
1018 4157 1054 4170 -
1073 4128 1189 4182 Dsrrrrn
1206 4135 1234 4183 ot
1251 4127 1325 4184 Pnsn
1341 4142 1377 4180 nr

375 4209 484 4263 Knmnrr
493 4211 530 4281 (p.
545 4210 592 4282 ol)
608 4229 615 4264 z
629 4213 749 4266 Fontana
761 4211 895 4264 Ariadnae.
