3159 5150
833 588 989 643 -120-

419 738 530 823 partes
548 732 719 814 vicissent,
738 750 871 822 semper
889 732 1087 820 Cycladibus
1105 702 1228 801 damna
1247 732 1329 801 belli
1346 732 1415 800 sol-
1448 822 1470 841 μ

419 854 528 926 venda
542 859 647 924 erant.
752 830 756 837 ⁵

463 980 564 1049 Periit
587 980 794 1049 intentantes
810 979 995 1048 discordias
1017 981 1219 1071 assiduaqua
1240 981 1329 1050 hella
1341 1001 1416 1070 quae

418 1126 523 1196 penos
548 1105 746 1194 Byzantinos
768 1106 914 1173 Caesares
932 1111 1103 1195 supererat
1118 1106 1153 1175 iu
1172 1106 1331 1195 Cyclades
1349 1106 1413 1174 iru-

418 1232 512 1322 perii·
525 1230 656 1313 umbra,
682 1230 908 1318 ultimumque
928 1230 1124 1301 Meletiusl¹l
1145 1231 1348 1301 auctoritatis
1361 1251 1416 1300 eo

418 1376 494 1424 rum
508 1356 643 1445 siguum
656 1358 778 1434 narrat,
801 1359 949 1423 creatum
967 1354 1009 1423 ab
1026 1355 1137 1424 Isaaoo
1151 1356 1280 1445 Angelo
1300 1355 1414 1442 (1185-

296 1544 303 1573 ,
353 1529 360 1542 .
421 1479 515 1568 1195)
530 1501 638 1550 unum
660 1479 849 1549 Paronaxiae
862 1471 1162 1570 archiepiscopum,
1189 1466 1296 1570 quum
1320 1485 1416 1550 antea

304 1591 308 1599 ’
418 1626 519 1674 suum
538 1604 649 1673 insula
676 1624 818 1693 queque
843 1604 1038 1694 episcopum
1058 1605 1206 1674 haberet.
1225 1606 1327 1673 Paulo
1341 1610 1415 1695 post

418 1729 540 1799 cecidit
559 1735 591 1799 et
615 1729 688 1820 ipsa
707 1729 1012 1819 Constantinopolis
1039 1730 1073 1798 in
1093 1732 1287 1800 Latinorum
1307 1737 1415 1821 potes-

417 1860 531 1935 tatem,
562 1859 777 1942 creatumque
805 1853 969 1922 Gallicum
1003 1854 1038 1923 iu
1063 1856 1190 1925 oriente
1221 1856 1411 1945 imperium.

417 1979 538 2057 Naxos,
572 1983 618 2057 utf
636 1976 802 2067 pleraque
829 1976 1021 2064 Cycladum,
1038 1978 1242 2047 Venetorum
1266 1978 1414 2047 dominio

417 2101 569 2191 ascripta,
591 2100 694 2171 duces
708 2101 881 2170 catholicae
890 2102 970 2171 fidei
985 2103 1189 2193 colonosque
1204 2105 1302 2174 Italos
1319 2125 1413 2174 acce·

417 2225 477 2314 pit,
494 2245 513 2292 a
529 2224 653 2313 quibus
665 2230 832 2295 trecentos
842 2246 946 2315 prope
961 2246 1068 2295 annos
1082 2233 1240 2318 occupata
1259 2233 1293 2297 et
1307 2229 1413 2297 admi-

418 2351 555 2419 nistrata
571 2350 652 2431 fuit;
680 2351 788 2421 donec
807 2352 988 2420 Turcarum
1010 2353 1117 2421 fieret.
1139 2355 1255 2441 Neque
1269 2353 1362 2422 enim
1380 2328 1413 2420 iu
1487 2408 1490 2413 ⁴

417 2474 493 2542 fatis
509 2478 578 2543 erat
599 2481 636 2565 ut
659 2475 725 2543 illae
749 2475 849 2565 AEgaei
873 2475 975 2544 maris
994 2477 1113 2546 insula
1135 2497 1285 2566 uuquam
1303 2477 1415 2562 libera
1498 2494 1500 2505 ·

418 2607 542 2671 esseut.

454 2859 493 2931 (l)
506 2860 655 2925 Mantua,
672 2861 903 2932 Geoqr,‚'Naxos.
