3159 5150
791 616 963 671 ⁴-n-

389 757 530 827 modum
549 756 702 847 tripodis
720 759 864 827 victores
878 758 1025 848 Apollini
1044 758 1205 848 Delphico
1220 779 1392 827 eonsecra-

389 887 511 951 verunt
528 881 571 961 (¹),
591 882 791 971 inscriptum
810 888 872 963 est,
894 889 927 951 et
950 882 1024 950 basi
1042 883 1135 951 Jovis
1156 884 1302 971 Olympii
1326 889 1392 950 sta-

388 1014 465 1088 tuae,
483 1029 561 1074 curn
580 1007 773 1087 Teniorum,
801 1008 1028 1094 Kytbniorum
1052 1009 1261 1095 Caerumque
1283 1008 1392 1075 nomi·

388 1123 546 1191 nibus‘2).
569 1122 688 1190 Nullos
709 1129 821 1191 tamen
841 1123 1053 1203 insulanum,
1080 1124 1114 1189 in
1135 1124 1286 1212 catalogo
1305 1122 1393 1212 apud

389 1248 526 1315 Plataeas
536 1248 760 1336 pugnantium
776 1253 941 1315 memorat
957 1247 1159 1315 Herodotus.
1178 1249 1266 1317 Eane
1282 1255 1394 1315 motus
1441 1240 1444 1247 ’

389 1371 517 1440 invidia
534 1392 613 1459 erge
627 1373 763 1452 Naxios,
785 1393 888 1460 quarn
909 1372 1039 1439 incusat
1059 1371 1267 1450 Plutarchus
1286 1391 1340 1450 an,
1359 1377 1395 1437 ut

390 1496 524 1585 conjicit
557 1495 788 1574 Bronstedtfii,
820 1496 931 1584 gravis
959 1503 1136 1564 armaturae
1157 1495 1258 1564 modo
1283 1496 1395 1584 copias

390 1625 610 1688 emunerans?
631 1620 753 1687 lnsulae
776 1625 890 1687 autem
915 1620 1028 1688 nullos
1056 1620 1217 1709 hoplites,
1247 1620 1306 1688 sed
1328 1620 1396 1709 pel-

390 1750 492 1811 tastas
517 1749 659 1821 tantum,
692 1744 872 1813 habebant.
904 1744 990 1811 Turn
1018 1745 1126 1824 Naxii,
1155 1765 1216 1812 suo
1246 1745 1395 1832 ipsorum

391 1868 540 1947 nomine,
557 1867 704 1956 Apollini
718 1869 813 1936 Delio
827 1874 971 1936 statuam
987 1869 1191 1957 giganteam,
1207 1869 1240 1935 in
1255 1868 1393 1957 gratiam

390 2011 558 2059 oonoessae
573 1991 638 2059 sibi
652 1992 694 2059 ab
718 2013 757 2060 eo
782 1993 908 2081 gloriae,
927 1992 1178 2072 dedicaverunt,
1196 1994 1292 2081 eujus
1306 1991 1395 2058 basis

390 2117 490 2183 etiam
509 2136 600 2182 nuno
618 2121 736 2212 exstat,
759 2137 837 2183 oum
852 2116 905 2184 his
920 2116 1031 2184 verbis
1049 2141 1056 2183 :
1073 2122 1168 2199 Νάξιοι
1183 2115 1336 2184 Ἀπόλλωνι
1348 2116 1390 2180 (⁴).

435 2244 540 2332 igitur
567 2243 675 2332 prima
708 2243 914 2311 Medicorum
939 2243 1106 2312 bellorum
1135 2264 1212 2332 pars
1244 2242 1393 2311 eonfeota

391 2375 471 2448 erat,
488 2370 523 2435 in
537 2389 604 2457 qua
617 2368 687 2437 vim
703 2370 810 2436 Persae
832 2368 1030 2447 inferebant,
1054 2343 1262 2457 repellebant
1276 2367 1390 2435 Graeoi.

389 2497 463 2586 iarn
481 2515 550 2562 non
566 2514 607 2561 ex
622 2494 699 2562 Asia
716 2493 847 2561 bellurn
864 2494 898 2559 in
928 2494 1105 2583 Europam,
1125 2492 1184 2561 sed
1204 2513 1244 2560 ex
1266 2493 1394 2581 Europa

390 2621 424 2687 in
438 2621 551 2687 Asiam
566 2619 681 2687 inferri
696 2619 824 2708 incipit.
843 2620 888 2687 Eo
898 2620 988 2708 enim
998 2620 1070 2708 ipso
1087 2618 1141 2686 die
1151 2640 1218 2706 quo
1234 2616 1392 2686 Mardonii

391 2744 558 2812 exereitus
577 2742 666 2831 apud
678 2741 815 2809 Plataeas
831 2742 1061 2821 occumbebat,
1079 2742 1196 2810 elassis
1211 2741 1391 2816 Hellenioa,

394 2868 480 2935 duoe
495 2867 669 2956 xantippo,
697 2866 799 2934 Ioniae
827 2866 862 2933 in
885 2866 1055 2934 littoribus
1070 2867 1244 2947 Barbaros
1266 2865 1309 2934 ad
1325 2868 1393 2952 My-

366 2991 515 3083 ‚oalum
533 2989 741 3069 debellabat;
770 2997 843 3057 turn
872 2991 906 3057 in
930 2991 1010 3080 ipsis
1033 2991 1231 3058 Plataearum
1255 2990 1391 3079 campis.

391 3117 536 3186 victores
550 3115 790 3204 persequendae
804 3116 943 3184 ultionis
953 3116 1064 3185 foedus
1075 3111 1162 3184 inter
1172 3136 1207 3184 se
1218 3116 1390 3188 feriebant.

392 3243 523 3328 hooque
538 3240 757 3307 instituebant
779 3246 817 3306 ut
845 3241 1017 3307 communi
1036 3241 1189 3329 impensa
1214 3240 1394 3328 quotannis

392 3371 528 3433 eentum
538 3384 653 3444 naves
668 3363 785 3432 decern
796 3363 1134 3454 milliaboplitarum,
1149 3365 1242 3432 mille
1252 3365 1391 3452 equites,

393 3489 485 3555 huuc
502 3487 545 3555 ad
574 3488 678 3555 finem
699 3487 957 3555 instruerentur.
979 3489 1229 3557 conveniebant
1255 3489 1289 3554 iu
1310 3488 1394 3555 banc

392 3612 532 3680 alteram
558 3611 758 3708 vsocietatem
788 3631 858 3678 uon
889 3612 989 3680 Ioniae
1017 3613 1149 3692 solum,
1181 3611 1241 3680 sed
1270 3613 1395 3680 Doricae

394 3736 495 3803 etiam
532 3735 703 3808 civitatem
744 3754 824 3801 nam
864 3757 967 3824 penes
1004 3739 1153 3828 Spartam
1191 3737 1397 3825 Hegemonia
1460 3807 1462 3812 ,

429 3938 467 4010 (l)
484 3927 631 4020 Ἑφημερὶς
644 3937 859 4020 ἆρχαῑολογιχή,
876 3952 901 4004 p.
915 3932 960 3996 42,
973 3946 1004 3986 11⁰
1016 3933 1097 3994 2759,
1112 3933 1234 3986 Athenis.
1254 3960 1286 3974 -
1302 3932 1397 3985 HERO-

393 4044 469 4090 nor.‚
486 4028 636 4094 1X,81.-
652 4031 787 4096 Pansam,
804 4032 825 4097 1,
844 4029 886 4094 13,
903 4026 943 4079 19.

429 4109 467 4180 (2)
482 4109 617 4174 Pansam,
627 4109 662 4172 V,
675 4108 719 4162 23.

430 4189 469 4261 (3)
483 4190 666 4252 Brousrnur„
679 4188 755 4249 Ceos,
771 4206 798 4258 p,
812 4186 870 4242 108.

318 4314 323 4324 .
431 4271 465 4345 (4)
481 4271 531 4326 ΡΗ.
545 4270 644 4336 Lusis,
663 4268 731 4337 Voy.
748 4268 832 4321 oreb.
848 4284 883 4319 en
898 4263 997 4327 Graue,
1014 4265 1082 4328 inse,
1094 4264 1140 4316 das
1155 4262 1215 4328 iles,
1232 4263 1320 4318 Delos
