3159 5150
664 597 804 651 ..21-

146 710 148 713 ¹
235 738 336 805 etiam
355 737 530 807 decretum
553 738 705 828 Delphici
724 740 858 808 concilii
876 739 1023 809 honores
1041 742 1146 809 Naxio
1166 744 1237 810 cui-

236 859 314 929 dam
335 862 398 930 civi
413 863 592 930 tribuentis
616 864 674 951 qui
691 863 733 933 de
746 866 816 932 Deo
839 863 1083 933 benemeritus
1105 871 1175 934 erat
1190 867 1236 933 (¹).

234 985 344 1054 Altera
366 986 537 1076 inscriptio
556 991 721 1055 monstret
742 987 866 1054 Naxios
889 987 1009 1076 priscis
1031 990 1239 1080 temporibus

234 1112 276 1179 ad
293 1113 427 1180 oracula
444 1113 570 1200 Pythiae
586 1118 663 1181 ante
685 1133 805 1181 omnes
823 1113 989 1183 admissos
1008 1115 1125 1196 luisse,
1147 1116 1239 1205 quod

184 1230 189 1240 ’
230 1239 288 1327 jus
306 1238 357 1316 iis,
373 1236 568 1333 aliquandiu
582 1242 753 1326 negatum,
766 1239 927 1308 archonte
941 1218 1079 1328 Delphis
1093 1241 1236 1320 Eubulo,

234 1366 427 1434 restitutum
447 1360 585 1434 tandem
602 1372 653 1434 est
668 1365 712 1433 (²).
738 1369 813 1435 Non
833 1368 935 1456 igitur
950 1368 1173 1456 improbabile
1187 1370 1238 1437 vi-

235 1491 343 1570 detur,
367 1491 402 1558 iu
421 1491 641 1560 orientalibus
662 1491 737 1559 istis
759 1492 879 1560 insulae
900 1493 1051 1582 partibus
1073 1494 1239 1583 templum

234 1614 371 1703 aliquod
381 1616 527 1704 Apollini
541 1621 773 1684 consecratum
783 1617 900 1696 fuisse,
911 1617 1002 1685 haud
1017 1617 1087 1686 scio
1102 1639 1144 1685 an
1159 1619 1238 1685 Pas-

234 1739 338 1809 torale
358 1739 443 1808 illud
462 1760 481 1808 a
501 1741 667 1809 Macrobio
686 1746 929 1821 memoratum,
949 1743 1046 1831 cujus
1061 1743 1155 1810 nulla
1174 1743 1240 1811 alia

160 1958 162 1961 v
230 1867 301 1955 jam
315 1864 438 1933 indicia
460 1865 640 1955 supersint,
667 1865 732 1933 nisi
753 1866 897 1953 geminae
920 1867 955 1932 in
972 1867 1074 1933 sanot‘
1099 1868 1239 1934 loannis

141 2028 144 2033 >
235 1989 411 2058 ecclesiam
425 1992 594 2058 translatae
609 1990 787 2057 columnae.

279 2116 417 2183 Summa
437 2115 606 2183 montium
622 2116 705 2204 juga
723 2135 742 2182 a
760 2116 884 2184 vertice
904 2115 1099 2183 Phanariou
1116 2114 1159 2182 ad
1178 2117 1239 2183 Co·
1264 2130 1267 2134 ’

224 2240 353 2323 ronida
365 2242 565 2330 peragranti,
587 2247 656 2308 tota
669 2261 773 2330 prope
792 2240 903 2308 insula
918 2240 982 2307 sub
997 2239 1104 2307 oculis
1124 2245 1239 2308 exten-

235 2364 335 2433 ditur.
362 2364 460 2441 Quasi
475 2364 538 2432 sub
557 2365 699 2455 pedibus
720 2365 951 2431 sinistrorsum
966 2362 1057 2431 videt
1071 2383 1240 2432 arnoenam

234 2491 427 2560 valliculam
442 2486 644 2575 'Ktotduroq
668 2490 883 2559 dextrorsum
907 2509 1088 2580 pauperem
1115 2510 1240 2580 pagum

235 2621 385 2697 Stottou,
404 2617 440 2683 in
458 2621 601 2705 angusto
628 2616 704 2683 sinu
720 2615 936 2706 depressum,
959 2616 1032 2684 sine
1050 2635 1139 2702 aare,
1166 2615 1240 2683 sine

235 2745 317 2824 sole,
338 2748 377 2810 ut
396 2741 443 2808 ibi
462 2761 531 2808 non
547 2745 749 2809 maturescat
770 2761 847 2808 uva.
871 2740 1144 2829 Progredientem
1160 2741 1235 2808 lon-

235 2867 311 2956 gius
329 2867 451 2956 exoipit
464 2866 559 2934 vicus
583 2867 742 2946 Cominii,
760 2865 900 2933 torrenti
921 2866 1109 2954 impositus,
1137 2885 1240 2953 quern

235 2991 360 3082 platani
379 2997 413 3059 et
436 3010 580 3079 quercus
597 2989 717 3058 umbra
739 2995 870 3079 tegunt.
899 2990 979 3078 Ejus
993 2995 1107 3058 autem
1121 3009 1237 3077 aquea,

236 3122 414 3205 postquam
436 3115 564 3202 aliquot
582 3114 749 3182 molarum
773 3120 863 3182 rotas
878 3115 1097 3203 impulerunt,
1117 3115 1151 3180 in
1171 3114 1241 3182 exi—

214 3233 218 3241 ⁴
235 3262 341 3330 guum
360 3242 473 3308 sinum
489 3241 590 3307 maris
608 3239 763 3320 effluunt,
790 3239 924 3307 duobus
939 3239 1078 3328 quidem
1097 3238 1241 3307 collibus

234 3365 276 3434 ab
286 3366 450 3454 Aquilone
466 3370 498 3433 et
507 3366 628 3434 Austro
642 3364 760 3433 leviter
773 3369 973 3452 protectum,
985 3363 1046 3431 sed
1056 3364 1172 3431 contra
1187 3372 1242 3430 eo·

174 3518 177 3522 ’
235 3487 391 3557 rumdem
418 3488 614 3556 violentiam
643 3487 787 3575 Eurique
815 3488 915 3555 flatus
943 3488 1082 3555 minime
1113 3491 1236 3554 tutum.

235 3612 346 3693 Collis,
362 3612 420 3700 qui
434 3612 476 3679 ad
491 3610 668 3679 meridiem
688 3611 896 3691 obversatur,
913 3614 1062 3678 Mauorti
1082 3609 1125 3691 (³),
1147 3636 1163 3672 «
1179 3621 1239 3678 Κα-

269 3899 308 3969 (l)
322 3898 488 3962 numeror,
504 3898 600 3968 Antiq.
614 3897 743 3963 Hellen,
758 3898 811 3951 vol.
828 3898 862 3961 ll,
877 3915 903 3966 p.
921 3896 983 3962 310,
998 3914 1029 3949 no
1043 3896 1106 3951 717.

269 3986 306 4058 (2)
320 3987 513 4057 Inscriptions
533 3986 697 4039 recueillies
718 3985 875 4055 obetptea
898 4001 947 4054 par
968 3984 1037 4040 MM.
1051 3984 1197 4039 Wnscm
1214 3987 1242 4034 et

231 4078 371 4143 Fonormr,
384 4086 414 4129 n⁰
428 4075 490 4129 loo.
754 4144 758 4155 Ι

269 4162 307 4235 (3)
321 4164 470 4228 Puerum,
485 4162 534 4233 Op.
549 4166 596 4219 cit.
611 4163 726 4234 Triplici
736 4164 850 4218 nomina
863 4162 1003 4218 castellnm
1016 4166 1113 4216 vocat:
1133 4161 1240 4214 Mona-

234 4252 292 4319 clu',
307 4253 451 4324 Apollinis
462 4257 488 4306 et
504 4253 605 4306 Sancti
623 4252 795 4306 Saloutaria.
