3159 5150
825 573 965 628 ..38-

395 712 518 778 fuerint
536 712 571 777 in
585 732 696 781 errore
721 716 843 782 versati
867 724 1003 805 apparet
1016 721 1072 787 vel
1093 740 1134 787 ex
1158 742 1198 789 66
1218 723 1309 809 quod
1327 745 1395 792 non

395 838 480 904 inter
506 857 542 904 se
559 838 762 907 concordant
786 844 1052 929 computationes
1081 866 1210 913 eorum.
1240 849 1395 917 Piacenza

394 967 427 1028 61
445 961 531 1028 Pash
546 960 588 1028 de
603 961 725 1029 Kriene
740 964 913 1052 assignant
932 968 1059 1055 templo
1079 978 1214 1038 centum
1235 953 1394 1060 pedes'in

393 1087 651 1176 longitudinem,
668 1090 912 1180 quinquaginta
922 1095 957 1160 in
971 1095 1196 1195 latitudinem,
1209 1099 1393 1169 affirmant-

225 1297 228 1304 ,
270 1244 297 1318 ‚'
385 1214 458 1302 ¹que
473 1235 592 1283 omnes
618 1215 758 1305 lapides
787 1219 936 1287 sedecim
954 1223 1082 1312 palmas
1112 1225 1246 1315 longos,
1264 1231 1393 1315 septem

392 1338 489 1418 altos,
511 1339 597 1406 inter
624 1359 660 1408 se
692 1339 810 1408 ferreis
839 1345 975 1432 ungulis
1004 1352 1037 1414 et
1065 1348 1208 1436 plumbo
1236 1351 1393 1439 religatos

392 1463 515 1531 luisse..
525 1464 621 1530 Porta
637 1469 760 1544 autem,
784 1466 812 1531 si
831 1467 891 1533 uni
907 1469 1034 1550 credas,
1051 1472 1118 1539 alta
1134 1472 1202 1539 duo
1218 1478 1250 1541 61
1260 1474 1394 1562 triginta

392 1589 496 1678 pedes
520 1589 594 1668 init,
614 1589 762 1658 sedecim
783 1599 913 1679 aperta;
934 1595 962 1661 si
981 1595 1087 1675 alteri,
1119 1599 1238 1686 viginti
1265 1606 1392 1688 septem

391 1717 466 1795 alta,
483 1716 644 1785 tredecim
657 1702 781 1808 aperta.
795 1710 1115 1791 choiseul-Gouffier
1130 1745 1209 1791 oum
1224 1725 1284 1803 eis,
1303 1723 1393 1812 quod

392 1840 434 1909 ad
447 1840 659 1908 latitudinem
677 1843 794 1932 templi
809 1844 936 1924 attinet,
955 1847 1119 1935 congruit,
1131 1847 1393 1937 delongitudine

391 1967 555 2046 dissentit,
573 1986 648 2034 eam
664 1965 779 2035 dicens
799 1974 942 2056 quatuor
970 1977 1003 2038 61
1022 1973 1191 2061 octoginta
1214 1973 1316 2041 modo
1337 1993 1392 2061 pe

391 2092 472 2159 dum
487 2111 572 2158 esse.
590 2093 674 2159 Ross
693 2113 762 2159 non
781 2070 892 2160 metiri
907 2095 1082 2172 circuitum
1098 2117 1212 2178 ausus,
1230 2096 1291 2164 sed
1309 2116 1391 2183 quas

393 2217 507 2286 videre
535 2217 629 2284 visus
660 2222 722 2297 est,
745 2238 904 2285 saxorum
935 2241 1076 2288 caesuras
1103 2223 1283 2310 parietibus
1302 2221 1392 2290 cellae

390 2341 594 2410 aedificandis
613 2326 757 2431 paratas,
772 2363 955 2431 agnoscere
973 2345 1069 2413 nullo
1088 2347 1202 2427 mode,
1221 2346 1343 2435 elapsis
1357 2347 1390 2412 in

391 2466 504 2535 medio
520 2472 652 2534 tantum
668 2467 787 2555 viginti
798 2468 949 2556 quinque
964 2470 1071 2549 annis,
1082 2471 1188 2558 potui.
1204 2472 1320 2558 Neque
1336 2491 1389 2538 ea-

391 2616 467 2662 rum
494 2593 727 2662 commentarii
758 2593 982 2681 expeditionis
1009 2615 1029 2662 a
1060 2596 1160 2663 nobis
1187 2596 1221 2662 in
1246 2596 1389 2665 Moream

390 2723 503 2789 missae
520 2720 730 2788 mentionem
748 2719 902 2787 faciunt.⁴

434 2838 547 2914 Quum
559 2856 639 2903 nero
656 2856 717 2923 pro
737 2840 828 2903 06116
843 2836 885 2903 61)
899 2838 1069 2905 'omnibus
1084 2839 1153 2906 illis
1170 2860 1284 2908 rerum
1305 2839 1389 2905 anti-

389 2973 532 3041 quarum
551 2950 817 3040 speculatoribus
833 2952 1029 3034 haberetur,
1051 2954 1098 3021 ibi
1113 2954 1278 3043 templum
1293 2954 1390 3023 exsti-

388 3079 481 3156 tisse,
499 3075 591 3165 quod
613 3095 714 3144 nemo
725 3077 914 3166 perspicere
929 3098 968 3145 ac
977 3079 1090 3147 metiri
1105 3080 1224 3168 potuit,
1254 3079 1389 3147 castello

329 3203 331 3208 '
388 3201 549 3290 primum,
561 3200 639 3291 dep‘n
660 3199 787 3268 castelli
801 3201 979 3269 ruderibus
989 3203 1258 3291 prohibentibus,
1270 3204 1387 3292 ‘cujus-

390 3347 470 3395 nam
485 3326 636 3394 numinis
657 3326 840 3395 dicendum
860 3332 950 3395 esset
963 3329 1137 3415 quaesiere.
1159 3329 1285 3396 Placuit
1308 3330 1387 3396 Bac-

389 3451 452 3520 cho
474 3450 633 3529 dedicari,
656 3454 693 3516 ut
719 3449 879 3540 peculiari
907 3451 1090 3518 Naxiorum
1118 3453 1262 3533 numini,
1288 3452 1389 3540 idque

388 3596 462 3644 esse
477 3574 727 3642 sanctissimum
741 3574 826 3641 illud
836 3574 976 3661 adytum
994 3575 1090 3663 cujus
1101 3574 1257 3642 sacerdos
1271 3575 1389 3643 insula

387 3720 576 3788 eponpmus
590 3696 805 3786 magistratus
813 3703 916 3774 esset.
945 3700 1020 3765 Non
1039 3698 1104 3766 hoo
1127 3703 1242 3767 autem
1261 3699 1387 3788 cogita·

323 3815 325 3821 ’
387 3829 519 3903 verunt,
537 3842 611 3892 eam
625 3821 742 3904 aedem,
756 3826 852 3914 cujus
866 3830 961 3913 porta
974 3828 1075 3892 tantae
1090 3823 1209 3893 fuisset
1219 3824 1386 3913 magnitu-

387 3951 487 4031 dinis,
504 3951 705 4021 immensam
714 3951 830 4030 fuisse,
852 3971 963 4039 neque
982 3952 1054 4020 fieri
1069 3956 1218 4041 possent
1231 3972 1299 4018 non
1314 3953 1387 4042 ejus

386 4077 475 4145 fama
496 4077 614 4145 clarior
642 4077 795 4145 evaserit.
816 4078 901 4143 Nota
929 4080 1009 4143 sunt
1033 4076 1189 4146 Minervae
1207 4077 1334 4165 templa
1352 4076 1386 4145 in

387 4201 502 4283 Sunio
526 4201 678 4290 ejusdem
701 4201 736 4268 in
758 4201 874 4290 Egina
897 4201 1044 4290 Neptuni
1065 4201 1100 4268 in
1119 4202 1280 4283 Calauria,
1300 4201 1387 4269 mul-

1577 661 1578 719 1

1576 722 1578 811 l

1577 876 1578 959 l
