3159 5150
787 546 954 617 ‚ffa-

383 689 524 758 eoolesia
542 688 706 769 innititur,
738 709 786 757 eae
804 694 880 757 ante
906 711 1014 757 unum
1041 691 1193 758 seculum
1214 691 1256 759 ab
1275 692 1385 761 insula

382 814 463 881 Delo
481 815 621 881 inveotae
647 819 737 893 sunt,
759 818 793 881 et
815 813 1006 900 Byzantinis
1019 815 1182 903 capitellis
1192 823 1306 883 auotae.
1324 819 1383 884 Ra·

381 938 485 1005 riores
494 937 740 1027 inscriptiones
750 937 893 1006 rariores
902 938 1200 1028 etiamsoulpturae.
1209 940 1381 1007 Esttamon

381 1065 416 1130 in
431 1063 607 1153 eujusdam
631 1062 753 1131 domus
780 1064 917 1153 pariete,
941 1086 1042 1154 supra
1052 1070 1181 1155 portam
1196 1066 1382 1132 ornamenti

380 1196 490 1270 eausa,
515 1188 684 1255 inclusum
708 1209 856 1256 marmor
877 1189 983 1257 virilis
1009 1190 1158 1279 corporis
1177 1190 1383 1278 superiorem

379 1320 506 1403 partem
516 1314 676 1395 referens
689 1314 910 1382 solertissima
925 1335 1029 1383 manu
1039 1316 1247 1403 exsculptam
1254 1339 1263 1395 ;
1274 1321 1383 1382 cetera

378 1458 458 1507 vero
466 1446 524 1507 aut
531 1440 639 1528 magis
650 1438 834 1507 deformata
843 1459 944 1527 quam
957 1444 994 1505 ut
1007 1445 1113 1507 artem
1123 1439 1312 1528 dignoscas,
1326 1441 1383 1505 ant

377 1565 474 1634 rudia
489 1566 627 1634 omnino
639 1587 678 1633 ao
697 1567 769 1634 sine
788 1567 895 1655 pretio
910 1572 1000 1634 sunt.
1019 1567 1256 1655 Inscriptiones
1269 1571 1380 1633 autem

378 1710 508 1771 omnes
522 1710 589 1759 una
599 1696 747 1779 excepta,
759 1690 917 1770 funerea,
935 1711 1045 1778 neque
1059 1689 1271 1758 Macedonica
1289 1695 1381 1757 aetate

377 1817 578 1903 superiores.
598 1817 737 1884 Inventa
757 1814 918 1883 etiamad
942 1813 1118 1882 meridiem
1142 1815 1237 1882 oollis
1262 1812 1380 1881 urbani

377 1943 541 2032 sepulcra,
555 1943 685 2011 eineres
697 1942 809 2011 adhuc
824 1942 1038 2009 continentia.

422 2060 482 2127 His
505 2040 606 2149 igitur
633 2059 862 2144 consideratis,
889 2058 1022 2126 nullum
1040 2058 1145 2126 alium
1170 2060 1285 2126 locum
1305 2078 1379 2126 esse

376 2183 434 2270 qui
448 2187 497 2251 tot
514 2182 692 2251 commoda
706 2183 781 2249 urbi
797 2181 997 2250 aedifioandae
1009 2186 1042 2249 et
1052 2183 1291 2251 conservandae
1301 2183 1379 2251 offe-

377 2304 437 2379 rat,
458 2300 516 2388 qui
535 2304 569 2368 et
582 2305 713 2367 tantum
731 2299 804 2387 agri
823 2300 966 2388 spatium
993 2306 1027 2367 et
1047 2304 1164 2388 portus
1188 2300 1375 2377 utilitatem,

376 2428 409 2490 et
435 2422 521 2490 areis
553 2423 836 2511 opportunitatem
860 2428 1002 2513 praestet,
1033 2444 1140 2511 quum
1167 2428 1216 2490 tot
1243 2409 1379 2512 insuper

272 2577 276 2585 ·
376 2553 507 2617 exstent
521 2548 696 2616 vetustatis
718 2553 950 2629 monumenta,
963 2568 1032 2616 non
1046 2547 1191 2617 dubitari
1201 2553 1311 2640 potest
1324 2548 1379 2615 hio

375 2677 472 2749 sitam
486 2677 591 2744 fuisse
606 2676 738 2756 urbem,
755 2676 874 2743 insula
886 2682 996 2765 eaput.
1013 2677 1130 2771 Neque
1140 2677 1210 2744 ulla
1220 2677 1296 2754 alia,
1313 2676 1378 2742 nisi

374 2822 449 2888 quae
468 2821 651 2890 permagna
663 2800 776 2881 fuerit,
798 2806 926 2868 tantam
940 2820 1148 2867 marmorum
1162 2800 1379 2889 lapidumque

375 2926 445 2994 vim
463 2926 634 2995 hodiernis
652 2926 783 2994 aedibus
803 2926 1017 2995 ministraret.
1036 2926 1094 2993 Cui
1114 2925 1234 2993 rationi
1248 2945 1315 2993 una
1327 2945 1380 2991 res

303 3061 309 3066 ’
375 3042 476 3132 objici
501 3048 622 3131 potest,
645 3043 773 3111 scilicet
791 3041 910 3110 deesse
919 3062 1052 3130 aquam,
1075 3042 1205 3109 nullam
1221 3062 1301 3110 vero
1319 3062 1375 3107 ur-

374 3171 452 3238 bem
480 3169 553 3237 sine
581 3190 668 3256 aqua
695 3170 836 3258 longum
861 3177 995 3257 tempus
1023 3168 1208 3236 duravisse.
1240 3167 1376 3234 Fluvius

374 3295 465 3362 enim
492 3294 551 3381 qui
570 3315 630 3383 per
647 3294 819 3362 Livadiam
838 3295 966 3374 transit,
991 3298 1068 3361 ante
1089 3313 1191 3380 quam
1214 3291 1257 3359 ad
1284 3311 1376 3358 mare
1483 3341 1486 3344 »

373 3419 556 3509 perveniat,
573 3418 713 3507 paulum
728 3417 771 3486 ad
789 3417 968 3486 meridiem
987 3417 1186 3495 deflectitur,
1204 3416 1375 3503 effluitque

374 3544 408 3609 in
426 3542 567 3631 paludes
585 3542 702 3624 salsas,
724 3543 827 3610 littori
845 3542 1026 3632 proximas,
1044 3542 1105 3619 Qui
1119 3541 1249 3608 rivulus
1264 3540 1373 3609 adex-

373 3676 519 3736 tremum
533 3674 650 3758 portus
668 3670 772 3738 finem
794 3668 993 3748 infunditur,
1025 3673 1141 3757 potum
1170 3687 1239 3734 non
1254 3666 1372 3733 minis-

373 3798 447 3872 trat,
464 3792 548 3862 adeo
563 3813 693 3862 amaras
703 3800 736 3863 et
754 3793 843 3863 mala
861 3793 1013 3862 salubres
1035 3793 1164 3881 corpori
1189 3792 1297 3860 undas
1318 3790 1374 3858 vol
1438 3869 1440 3872 ¹

374 3917 431 3986 vit.
441 3921 596 3987 Artoctaae
606 3919 716 3990 dictus
728 3924 813 3986 roos
827 3918 883 3987 vel
897 3921 1059 4004 Balneum
1073 3915 1116 3997 (¹),
1135 3916 1372 3986 idemfortasse

407 4112 446 4185 (l)¹
460 4077 686 4169 Boononnuonrn
703 4134 709 4169 :
725 4114 853 4168 Balneum
866 4114 1001 4168 Ariadnae.
1014 4141 1051 4154 -
1070 4112 1185 4166 Darem
1202 4119 1230 4167 ot
1247 4111 1321 4167 Pasa
1336 4126 1373 4164 ns

372 4192 481 4247 lirum
489 4195 527 4264 (p.
542 4194 588 4265 64)
605 4212 611 4247 :
625 4196 745 4250 Fontana
757 4195 891 4248 Ariadnae.
