3159 5150
617 581 800 637 ⁴-25-

107 776 110 779 .
223 722 433 791 fertlitteras.
456 723 542 790 Tum
557 723 759 792 hellenioam
779 725 944 812 originem
965 724 1101 791 castello
1119 725 1229 792 Vene-

224 849 313 916 tiano
330 849 488 936 assignat,
518 849 733 938 mediamque
756 851 830 939 ejus
857 858 997 918 turrem.
1010 852 1045 918 in
1065 851 1230 939 templum

223 974 387 1063 Apollinis
401 976 542 1064 effingit,
555 976 658 1064 quod,
670 975 822 1044 dirutum
835 976 925 1056 licet,
937 981 1081 1043 statuam
1101 975 1229 1065 perfec-

227 1100 345 1167 tissimi
379 1100 503 1168 lahoris
537 1101 686 1169 eontinet
700 1101 742 1167 (¹).
773 1102 900 1190 Sauger
930 1104 1026 1191 putat
1048 1099 1231 1186 Caloyerou

226 1225 400 1294 rastellum
414 1225 578 1315 oppidum
593 1225 627 1292 id
643 1246 718 1294 esse
737 1227 855 1314 inquo
874 1227 1082 1313 Aristagoras
1096 1222 1232 1291 exsules
1299 1213 1302 1221 ’

225 1350 359 1430 Ν111111,
385 1372 471 1439 quos
494 1352 719 1420 restituerem
738 1351 881 1440 patriam
897 1350 1105 1437 nequiverat,
1119 1348 1230 1436 prius-

224 1495 326 1562 quam
341 1474 455 1542 Asiam
471 1480 645 1565 repeteret,
660 1475 828 1565 deposuit.

267 1601 342 1668 Non
357 1620 558 1669 consensere
573 1622 651 1668 oum
662 1621 702 1669 eo
715 1600 871 1668 hodierni
889 1620 1003 1667 rerum
1017 1599 1231 1686 antiquarum

224 1727 447 1816 indagatores,
459 1734 493 1795 et
506 1730 689 1817 quaesivere
700 1728 784 1818 quid
799 1749 840 1797 ex
855 1728 918 1796 hae
932 1726 1078 1795 Mandrae
1093 1725 1234 1815 inserip-

225 1853 315 1920 tiona
334 1853 491 1920 concludi
504 1860 629 1943 posset.
654 1855 737 1922 Ross
767 1855 812 1943 (p.
835 1853 888 1939 40)
916 1858 1080 1921 memorat
1103 1852 1190 1919 hane
1213 1870 1234 1918 a

225 1977 393 2066 Stephano
412 1978 594 2065 Byzantino
608 1979 744 2047 citatam
764 1979 936 2066 Tragaeam
954 1977 1087 2055 urbem,
1109 1976 1144 2042 in
1165 1994 1232 2063 qua

225 2104 344 2192 Apollo
357 2105 513 2193 Tragaeus
528 2103 749 2184 adorabatur;
772 2109 934 2193 putatque
949 2124 1024 2172 eam
1044 2103 1079 2169 in
1095 2107 1230 2192 septen-

222 2231 359 2298 trionali
369 2231 447 2298 colli
457 2230 561 2298 fuisse
572 2232 726 2318 positam.
746 2230 833 2296 Hinc
847 2229 905 2297 illa
914 2230 1036 2296 effossa
1050 2247 1228 2305 marmora,
1275 2266 1277 2269 -

225 2358 306 2425 hino
320 2358 376 2427 ille
385 2364 515 2447 portus,
529 2359 609 2425 hino
618 2362 652 2425 et
665 2357 730 2426 loci
744 2363 789 2437 et,
804 2362 842 2424 ut
851 2356 1024 2447 probabile
1039 2360 1102 2435 est,
1114 2354 1231 2443 templi

225 2485 268 2553 ad
284 2485 475 2575 Apollinem
495 2471 673 2553 dedicatio.

269 2611 543 2702 septentrionalis
557 2631 634 2700 pars
648 2610 767 2679 insulae
786 2616 856 2678 tota
881 2610 1052 2678 montibus
1079 2608 1233 2677 anfraoti-

129 2744 131 2747 ‘
225 2737 368 2825 busque,
394 2736 594 2804 torrentium
624 2756 787 2823 aquarum
811 2735 933 2824 pleniS,
964 2755 1139 2823 nunquam
1162 2756 1234 2801 om·

224 2862 306 2929 nino
322 2861 563 2940 definientium,
586 2867 741 2950 cooperta
759 2865 821 2929 est.
845 2863 918 2929 Una
938 2860 1139 2949 expanditur
1158 2881 1233 2949 quae
1360 2901 1363 2910 r
1435 2917 1441 2926 .

226 2986 291 3053 diei
314 2986 421 3076 possit
448 2986 615 3074 planities,
652 2990 795 3070 Enpurer
819 2990 947 3065 vocata,
976 2985 1110 3053 duobus
1137 2984 1234 3075 pagis
1338 2992 1343 3002 '

226 3113 372 3201 spatium
414 3113 580 3202 praehens.
609 3114 680 3193 Hio,
716 3114 879 3181 adversus
905 3112 1093 3179 maritimos
1119 3112 1229 3189 flatus,

227 3238 338 3326 longis
353 3258 538 3305 cannarum
552 3238 696 3326 altisque
713 3237 893 3306 ‘ordinibus
916 3237 1064 3306 defensae
1079 3242 1234 3304 arescunt

226 3362 363 3430 arbores
386 3362 497 3442 utileS,
521 3382 596 3450 quaa
613 3364 766 3453 amplum
788 3362 970 3449 quotannis
989 3360 1070 3428 dant
1087 3379 1231 3449 proven-

227 3495 311 3556 tum.
343 3491 432 3557 lnter
464 3490 611 3578 Engares
637 3489 825 3576 urbemque
854 3491 945 3577 patet
964 3485 1094 3556 deserta
1121 3484 1233 3552 ausiti

226 3613 389 3681 exhausta
406 3614 512 3700 regio,
533 3616 711 3692 lllroolrort,
739 3611 839 3691 dicta,
858 3611 903 3678 ita
918 3614 955 3678 ut
969 3609 1092 3699 gratior
1107 3609 1152 3676 sit
1173 3628 1232 3677 ve-

226 3737 398 3806 nientibus
417 3738 592 3806 hortorum
612 3736 835 3826 viridantium
863 3736 994 3814 umbra,
1017 3736 1233 3822 rivorumque

227 3864 475 3932 susurrantium
493 3862 611 3952 frigus

260 4146 299 4216 (l)
319 4144 355 4199 P.
371 4145 416 4199 65.
431 4145 470 4198 Ed
485 4148 662 4198 avaramente
676 4161 713 4198 11
727 4160 794 4214 capo
819 4145 933 4214 d’opera
946 4146 973 4197 in
987 4144 1100 4198 materia
1114 4143 1142 4195 di
1158 4141 1231 4195 seul·

225 4241 288 4289 tura
306 4249 322 4287 o
337 4234 365 4288 di
374 4250 410 4288 un
424 4249 490 4302 poco
504 4233 551 4302 pin
564 4230 614 4285 che
627 4231 707 4285 basso
721 4230 825 4284 riliavo.
