3159 5150
578 608 734 662 4117-

166 771 253 819 anno
269 755 430 838 sequente
444 750 578 830 interiit,
596 771 702 838 quum
717 751 787 840 jam
811 751 846 817 in
864 744 976 818 locum
1001 753 1074 840 ejus
1094 753 1158 820 Eu-

166 874 285 963 genius
299 873 526 942 successisset.
542 968 545 975 .

209 1001 319 1078 Quum
332 1006 444 1069 autem
458 1001 549 1068 Leon
567 1000 732 1068 Isauricus
746 1000 909 1088 imagines
927 1020 1036 1068 sacras
1051 1000 1160 1069 edicto

165 1128 422 1219 proscripsisset,
449 1127 571 1197 exarsit
592 1128 690 1196 civile
711 1125 851 1209 bellum,
873 1128 1068 1217 indignante
1091 1135 1159 1199 toto

164 1255 375 1324 sacerdotum
398 1275 517 1345 grege;
542 1254 649 1323 caedes
667 1256 813 1343 Bysantii
831 1255 1020 1345 complures
1046 1255 1156 1336 lactae;

164 1381 217 1447 ira
231 1385 343 1447 autem
364 1379 562 1447 insularium
580 1379 743 1468 precipua
754 1376 798 1458 θ),
815 1399 855 1447 eo
868 1400 976 1468 usque
996 1386 1034 1448 ut
1054 1380 1160 1450 rebel-

163 1503 270 1570 lareut
290 1507 523 1591 armarentque
541 1522 656 1571 naves.
675 1504 754 1592 Ejus
769 1503 944 1572 seditionis
957 1503 1071 1584 duces
1087 1506 1157 1574 Ste-

163 1626 295 1716 phanus
314 1633 348 1696 et
359 1628 562 1717 Agallianus,
588 1647 705 1696 senem
731 1627 924 1717 quemdam,
942 1630 1079 1697 nomine
1097 1629 1158 1698 (lo-

163 1742 270 1832 mum,
287 1773 434 1842 purpura
452 1751 660 1842 decoravere,
682 1752 910 1844 Bosphorique
929 1751 1056 1820 aditum
1071 1754 1156 1840 (727)

164 1877 269 1946 classe
283 1876 400 1957 adorti,
421 1876 517 1945 facile
536 1876 570 1944 vi
588 1875 690 1943 Graeci
717 1875 805 1964 ignis
828 1896 847 1943 a
876 1877 986 1944 Leone
1013 1877 1159 1966 superati

163 2004 252 2068 sunt.
275 2001 396 2068 Comus
411 1999 577 2088 amboque
587 1998 691 2066 duces
705 1997 869 2067 interfecti
877 2022 886 2078 ;
905 1999 1022 2068 insulae
1036 2021 1073 2070 se
1087 2020 1157 2069 ser-

163 2124 243 2192 vitio
251 2122 437 2203 reddidere,
447 2143 581 2211 easque,
594 2127 815 2212 praeterquam
825 2123 916 2211 quod
928 2124 1047 2193 callide
1060 2126 1157 2214 igno-

161 2248 209 2316 vit
223 2249 412 2338 imperator,
434 2248 505 2337 ipsa
519 2248 746 2337 longinquitas
761 2253 867 2316 tutata
883 2255 946 2318 est.
1179 2234 1181 2239 ¹

206 2373 358 2440 Ceterum
371 2373 546 2462 prosciptae
570 2373 717 2460 Byzantii
737 2373 908 2462 'imagines
934 2374 968 2441 in
995 2375 1158 2464 portubus

162 2498 346 2586 AEgaearum
378 2495 564 2563 insularum
587 2500 733 2585 exceptae
766 2502 845 2563 sunt
856 2496 900 2563 (²).
928 2499 1023 2578 Nam,
1052 2521 1157 2588 quum

161 2609 258 2687 multi
280 2620 432 2688 fidelium
453 2621 610 2710 reliquias
625 2623 821 2690 Sanctorum
846 2623 1077 2714 imaginesque
1102 2646 1155 2694 sa-

162 2765 388 2826 crasservare,
407 2733 517 2835 spreto
532 2746 741 2835 imperatoris
764 2746 885 2827 edicto,
902 2749 1041 2830 nollent,
1064 2770 1156 2817 com-

161 2868 329 2937 burendas
360 2889 440 2937 vero
468 2869 597 2939 tradere
625 2875 827 2952 recusarent,
858 2892 913 2941 eas
946 2874 1158 2963 Propontidis

161 2991 262 3059 undis
281 2994 489 3073 commisere,
512 2993 615 3074 unde,
632 2996 741 3064 ventis
754 3000 845 3074 actae,
866 2996 901 3061 in
915 2997 1157 3066 remotissimas

162 3115 289 3184 insulas
321 3116 439 3185 delatae
464 3123 554 3199 sunt,
585 3120 767 3207 Naxonque
794 3120 968 3210 praecipue,
1000 3126 1157 3210 tanquam

161 3262 284 3310 novam
310 3242 437 3321 sedem,
463 3243 606 3333 elegere.
628 3245 732 3333 Igitur
753 3245 932 3333 migrantia
950 3265 1043 3313 sacra
1061 3246 1158 3314 Naxii
1269 3308 1271 3312 .

161 3367 408 3435 accuratissime
431 3368 569 3437 collecta
593 3370 713 3459 partim
739 3369 775 3436 in
802 3369 932 3438 sacellis
950 3369 1155 3450 locaverunt,

161 3490 282 3580 partim
301 3498 504 3579 operuerunt
522 3499 619 3574 terra,
644 3493 746 3574 unde,
776 3493 907 3582 integro
935 3494 1053 3574 nitore,
1078 3515 1156 3585 pos-

161 3622 215 3682 tea
228 3619 321 3682 eruta
336 3619 470 3696 suntet,
492 3616 747 3705 simplicissima
761 3617 870 3706 gentis
884 3617 999 3705 pietati
1013 3617 1154 3698 reddita,

161 3741 365 3805 etiamnunc
384 3739 512 3827 operari
526 3741 686 3809 miracula
702 3740 870 3808 dicuntur.

203 3861 279 3942 Sed,
296 3868 414 3951 praeter
429 3863 584 3933 intestina
600 3865 791 3945 certamina,
815 3863 1058 3936 calamitatibus
1073 3886 1153 3933 con-

161 3959 448 4073 tinuisimperium
463 3985 723 4055 distrahebatur.
738 3987 930 4058 Pestilentia
949 3987 1052 4068 enim,
1067 3989 1153 4056 intra

86 4198 91 4207 -
196 4164 233 4236 (ll
248 4165 365 4218 Nrorru.
381 4163 503 4227 Orcum,
515 4166 536 4231 Ι,
548 4166 591 4220 65.

192 4256 233 4326 ’(2)
249 4255 375 4321 Linum,
390 4255 470 4310 Nouoi
481 4257 554 4309 desc.
