3159 5150
338 1275 387 1320 DE
420 1272 639 1320 PRAEGIPUIS
669 1272 752 1320 SOLI
785 1272 1059 1320 PROVENTIBUS

242 1555 377 1633 Quoties
394 1560 600 1623 memoratur
620 1552 711 1644 apud
743 1559 873 1623 veteres
893 1555 1016 1632 Naxos
1048 1551 1202 1620 fecundi-

197 1695 302 1758 tatem
316 1689 392 1769 soli,
410 1689 486 1757 omli
503 1695 698 1777 naturaeque
725 1689 964 1766 amoenitatem,
992 1685 1129 1774 frugum
1143 1705 1202 1774 pe-

199 1814 392 1901 cudumque
407 1813 641 1882 excellentiam
651 1820 728 1882 ante
742 1812 855 1901 omnia
873 1812 1027 1879 efferunt.
1045 1810 1116 1877 lllis
1129 1810 1202 1877 lau-

198 1914 300 2005 dibus
322 1937 410 2005 inter
431 1942 557 2005 ceteras
580 1937 685 2026 AEgaei
706 1937 810 2004 maris
839 1936 967 2004 insulas
989 1935 1200 2002 inclaruerat.

199 2064 284 2129 Nam
298 2062 442 2160 pingues
460 2062 534 2151 ejus
548 2081 685 2151 campos
707 2062 853 2130 celebrat
866 2059 1047 2128 Pindarus:
1071 2060 1103 2114 (¹)
1120 2085 1137 2121 «
1157 2058 1204 2127 Ἐν

199 2188 284 2271 Νάξῳ
297 2192 414 2272 λιπαρᾷ.
434 2212 450 2249 >›
476 2183 668 2253 Herodotus
685 2185 735 2272 (V,
758 2184 826 2272 31),
854 2185 1079 2273 Aristagoram
1104 2183 1204 2251 indu·

201 2330 281 2377 cens
294 2307 386 2398 apud
398 2314 565 2398 satrapam
578 2285 792 2397 perorantem
808 2314 846 2376 ut
860 2310 977 2376 Naxon
992 2309 1094 2376 armis
1104 2330 1204 2377 occu-

201 2453 280 2523 pare
297 2439 414 2513 tentet,
436 2432 529 2501 baud
542 2433 587 2501 ita
599 2439 727 2501 vastam
745 2432 884 2522 quidem
907 2453 981 2501 esse
1000 2433 1093 2501 illam
1112 2433 1203 2513 dicit,

201 2559 262 2627 sod
286 2557 411 2626 bonam
430 2578 468 2626 ao
487 2557 673 2647 pulchram.
697 2546 902 2648 Praecipuam
923 2578 998 2627 eam
1025 2557 1207 2648 Cycladum

201 2683 318 2751 Strabo
343 2682 466 2772 (X,95),
490 2682 637 2751 Alteram
658 2682 759 2751 etiam
778 2683 924 2751 Siciliam
943 2689 1049 2764 vocat,
1064 2703 1105 2751 ex
1119 2685 1206 2772 Aga-

201 2808 344 2875 thameri
358 2808 395 2893 (I,
414 2797 444 2894 b)
466 2808 640 2877 autoritate
665 2808 792 2875 Plinius
806 2808 920 2897 Major,
942 2807 985 2876 ob
1002 2808 1207 2877 fertilitatem

203 2932 312 3020 magis
327 2951 429 3020 quam
450 2932 493 2999 ob
519 2931 789 3021 magnitudinem
802 2931 843 3000 (ἲ).
869 2932 1008 3021 Quippe,
1026 2932 1221 3020 Cycladum·

203 3056 282 3125 licet
308 3055 531 3145 amplissima,
558 3062 609 3137 et,
634 3083 651 3119 «
677 3055 817 3124 dimidio
839 3058 947 3146 major
971 3076 1073 3145 quam
1098 3057 1209 3124 insula

204 3182 316 3262 Paros
335 3202 402 3248 non
422 3180 568 3270 amplius
579 3181 790 3270 septuaginta
804 3181 953 3268 quinque
971 3180 1121 3248 millibus
1130 3198 1207 3270 pas·
1308 3157 1310 3170 ’

204 3324 305 3371 suum
327 3304 466 3371 circuitu
485 3293 635 3393 patebat;
655 3332 672 3369 r>
693 3310 761 3373 eta
782 3304 919 3392 Scylace
937 3303 980 3383 (³),
1002 3304 1060 3392 qui
1081 3305 1209 3373 insulas

204 3429 308 3516 AEgaei
321 3429 423 3496 maris
437 3428 604 3497 recensuit
621 3428 723 3515 inque
734 3427 889 3496 ordinem
901 3426 1039 3518 redegit,
1047 3433 1208 3517 quatuor-

205 3551 337 3621 decimo
351 3556 483 3620 tantum
508 3552 581 3619 loeo
606 3551 809 3631 inscribitur,
826 3573 933 3640 quum
958 3551 1069 3619 Sicilia
1087 3573 1207 3620 secuu-

206 3675 300 3756 dum,
321 3677 468 3766 primum
487 3675 624 3744 Sardina
638 3681 790 3765 occupet.

225 3801 322 3883 ‚lam
339 3799 463 3888 quibus
478 3800 627 3868 maxime
644 3799 879 3888 proventibus
901 3799 1025 3888 quibus
1036 3805 1130 3869 terrae
1149 3799 1209 3868 lm

241 4010 280 4084 (l)
294 4011 396 4081 Pyra,
411 4011 458 4074 IV,
476 4011 535 4067 156.

242 4090 684 4164 (atrnn.,11.N.‚1v.12(22).

241 4169 280 4240 (3)
294 4171 338 4224 Fr.
354 4171 398 4236 19,
413 4170 448 4226 22
462 4170 574 4244 (Didot).
