3159 5150
623 563 761 618 -97..

186 704 316 792 juvare.
334 705 460 792 ltaque,
485 725 592 792 quum
617 725 637 772 a
659 706 840 773 certamine
868 703 1085 783 abcesserint,
1103 703 1189 771 nihil

189 830 232 899 ad
246 851 304 899 eos
318 831 429 899 laudis
447 851 488 899 ex
508 837 558 899 tot
575 836 710 920 tamque
739 831 835 900 claris
862 831 1009 899 victoriis
1036 831 1197 919 pervenit
1251 884 1252 887 ,

189 977 248 1045 per
271 956 438 1045 quas‘pax
461 957 529 1037 illa,
552 957 697 1024 Cimonis
727 956 825 1035 dicta,
847 938 971 1046 paucos
989 962 1064 1045 post
1082 975 1188 1023 annos

190 1087 283 1170 parta
301 1088 363 1150 est.
379 1082 600 1151 Athenienses
622 1089 746 1161 autem,
764 1102 824 1171 per
842 1088 950 1149 totum
971 1080 1006 1148 id
1028 1080 1188 1169 temporis

190 1208 335 1297 spatium
351 1206 521 1294 (tte-432)
542 1206 634 1295 quod
660 1227 680 1274 a
707 1207 887 1294 Mycalensi
910 1206 1021 1295 praelio
1035 1206 1079 1274 ad
1093 1205 1187 1273 Pelo·
1222 1192 1223 1195 ¹

189 1338 429 1428 ponnesiaoum
443 1338 571 1406 bellum
600 1338 802 1418 extenditur,
833 1338 1022 1407 incredibili
1043 1337 1188 1426 quadam

189 1465 311 1532 virtute
324 1464 432 1531 annisi
447 1469 536 1557 sunt,
554 1464 673 1532 siveut
686 1484 799 1531 annua
813 1462 945 1531 decreta
959 1462 1042 1531 Delii
1056 1461 1187 1529 concilii
1246 1490 1248 1495 ·

81 1560 86 1565 ’
188 1593 461 1675 exsequerentur,
476 1589 546 1656 sive
565 1592 822 1677 utpotestatem
842 1608 939 1656 suam
957 1586 1056 1653 latius
1070 1593 1186 1654 exten-

188 1711 316 1781 derent.
337 1715 422 1780 Nam
443 1718 477 1781 et
493 1713 638 1782 'Eionem
652 1713 742 1781 bello
767 1713 943 1801 subegere,
960 1716 994 1779 et
1007 1709 1184 1797 Carystios,

187 1856 292 1924 quum
303 1834 515 1916 defecissent,
531 1836 748 1925 castigavere,
762 1841 806 1915 et,
819 1835 980 1924 repressis
991 1834 1187 1921 Skyriorum

102 2034 104 2038 ⁸
186 1961 379 2039 latrociniis,
410 1960 575 2029 coloniam
593 1961 765 2029 incorum
788 1960 935 2028 insulam
962 1959 1095 2027 misere.
1122 1957 1187 2026 Sed
1210 1987 1214 1996 ·

188 2105 293 2172 quum
303 2085 374 2172 jam
389 2083 523 2153 foederis
543 2062 707 2153 insulares
722 2083 870 2163 tae'deret,
888 2084 1011 2171 aliique
1024 2081 1186 2149 tributum

188 2209 325 2276 omnino
347 2209 543 2289 abnuerent,
579 2209 636 2276 alii
663 2214 815 2298 peterent
837 2214 885 2288 ut,
913 2208 1033 2275 collata
1050 2207 1187 2295 insuper

188 2335 340 2421 pecunia,
361 2333 534 2402 mittendis
548 2334 691 2403 navibus
709 2334 938 2421 militibusque
949 2333 1182 2410 liberarentur,

108 2458 111 2465 '
188 2477 227 2524 ea
238 2458 273 2523 in
282 2458 505 2526 Athenienses
516 2457 683 2526 recidebat
696 2477 774 2525 cura
789 2463 827 2525 ut
840 2457 1029 2547 pecuniam,
1047 2456 1185 2523 nomine

71 2618 73 2623 ·
188 2582 367 2663 sociorum,
384 2583 528 2672 pervim
542 2582 725 2670 exigerent,
743 2582 798 2650 vel
820 2589 1075 2670 negatasnaves
1094 2579 1183 2646 mili·
1278 2592 1337 2602 ·’
1472 2639 1478 2660 ,

186 2711 304 2793 tesque
319 2706 590 2796 suppeditarent;
608 2726 742 2795 semper
750 2710 864 2774 tamen
879 2706 972 2774 oneri
986 2711 1078 2774 tanto
1093 2705 1184 2772 suffi-

83 2873 85 2878 f
186 2830 328 2898 ciebant.
341 2831 531 2898 lusularum
545 2831 664 2919 prima,
677 2832 787 2919 Naxos
798 2831 1005 2899 violenterse
1020 2850 1040 2897 a
1057 2828 1183 2898 ioede're

187 2955 370 3026 distrahere
383 2959 532 3026 tentavit.
550 2958 670 3025 Classis
685 2959 785 3047 igitur
793 2957 1049 3025 Atheniensium
1064 2956 1182 3024 urbem

185 3082 297 3147 statim
311 3081 443 3150 obsedit
458 3081 501 3162 (¹),
532 3082 676 3170 victique
694 3086 770 3170 post
789 3082 937 3170 longam,
963 3086 1001 3148 ut
1024 3080 1179 3160 creditur,

185 3206 417 3274 defensionem
426 3208 530 3287 Naxii,
548 3207 690 3275 navibus
708 3207 840 3295 privati,
858 3207 1045 3295 excisisque
1064 3207 1182 3275 moeni-

185 3330 249 3397 bus
264 3337 296 3399 et
306 3331 462 3413 castellis,
480 3351 521 3399 ex
543 3331 641 3398 sociis
658 3332 693 3397 in
707 3331 938 3420 subjectorum
955 3311 1182 3399 conditionem

186 3453 309 3523 redacti
320 3460 408 3522 sunt.
426 3440 541 3543 Neque
554 3460 667 3524 tamen
683 3455 828 3545 amplius
839 3456 888 3523 eis
897 3456 1071 3536 tributum,
1081 3456 1181 3523 etiem

185 3600 291 3666 quum
304 3579 471 3647 sociorum
481 3579 635 3647 nonnulli
644 3567 769 3669 duplex
779 3586 837 3647 aut
847 3580 967 3669 triplex
981 3573 1178 3669 pendereht,

186 3702 385 3791 imperatum
412 3703 560 3790 videtur,
585 3705 715 3771 Nomen
746 3705 870 3792 quippe
897 3705 1009 3771 Naxiae
1038 3703 1180 3772 civitatis

184 3834 302 3916 quater
314 3828 357 3922 in¹
372 3828 494 3895 tabulis
522 3828 725 3900 tributorum
744 3830 907 3917 reperitur
917 3853 926 3910 ;
956 3850 1061 3918 eaque
1079 3829 1180 3896 variis

185 3951 402 4038 temporibus,
417 3952 472 4020 vel
485 3927 646 4021 tredecim
664 3953 788 4041 talenta
807 3959 840 4021 et
859 3954 925 4021 duo
939 3955 1050 4022 'millia
1064 3953 1180 4021 drach-

12 4163 17 4192 *
81 4217 84 4221 “
219 4209 258 4282 (l)
272 4209 408 4277 Teucro„
420 4211 441 4277 1,
456 4211 500 4284 98.
