3159 5150
650 510 788 564 ..65-

215 659 372 745 antiquos
387 656 515 735 insulae,
534 654 577 722 ob
588 654 664 722 eceli
679 654 877 744 temperiem
894 658 930 720 et·
939 653 1056 721 dulces
1070 654 1223 723 omnium

215 787 395 851 ventorum
424 782 566 859 afflatus,
592 750 630 848 ut
649 780 877 850 amoenissima
904 778 1072 846 domicilia
1086 783 1119 847 et
1136 798 1224 846 verae

215 909 383 978 felicitatis
399 908 497 977 sedes
516 906 727 975 habebantur
743 905 785 971 (ί).
804 905 935 972 Insulas
949 905 1100 972 incolunt
1118 909 1150 972 et
1164 905 1218 971 Ca·

216 1034 325 1123 lypso,
342 1039 375 1103 et
385 1033 488 1113 Ciree,
506 1038 539 1101 et
556 1033 732 1100 Phaeaeum
743 1033 936 1101 beatissima
948 1032 1005 1098 illa
1015 1051 1116 1120 gens;
1134 1031 1225 1096 insu-

215 1141 284 1225 lam
299 1159 441 1225 finxerat
458 1156 662 1225 Atlantidem
679 1178 774 1225 suam
795 1157 899 1235 Plato,
918 1157 1024 1245 iisque
1046 1176 1132 1243 quos
1150 1155 1225 1222 vitra

125 1337 127 1339 ,
216 1283 406 1350 eommunis
432 1287 465 1350 et
494 1283 644 1350 civilium
672 1283 868 1362 factionum,
897 1287 930 1349 'et
954 1280 1225 1369 quotidianarum

215 1408 339 1474 nostris
357 1407 404 1485 ,in
431 1408 609 1476 hominurn
642 1410 785 1477 ooetibus
811 1428 1038 1477 aerumnarum
1070 1405 1221 1477 taedebat,

215 1532 374 1620 patebant
392 1534 498 1601 Beatae
512 1534 642 1602 insulae.
665 1535 751 1602 Tum
766 1535 870 1633 etiam
885 1535 919 1600 in
934 1532 1062 1600 insulas
1080 1532 1225 1620 migrare

216 1655 438 1724 credebantur
451 1656 673 1725 honestorum
687 1678 817 1737 manes,
839 1657 898 1724 ubi
919 1656 1056 1745 dignam
1073 1654 1225 1721 moribus

217 1779 288 1846 suis
302 1779 505 1860 mercedem,
523 1780 558 1847 in
582 1782 741 1849 omnibus
761 1782 837 1850 vitae
860 1779 999 1858 deliciis,
1024 1778 1221 1867 acciperent.

217 1902 299 1970 Inde
327 1904 445 1971 insulae
467 1904 564 1972 titulo
591 1912 706 1974 ornata
729 1906 793 1973 fuit
825 1907 928 1972 Naxia
958 1905 1016 1971 illa
1038 1903 1150 1980 tellus,
1166 1902 1225 1969 ubi

106 2081 109 2087 .
217 2029 343 2116 optimo
368 2029 446 2117 jure
470 2032 616 2117 potuerit
643 2032 767 2098 Graeeia
796 2031 927 2117 Elysios
957 2050 1093 2117 eampos
1119 2027 1223 2094 eollo-

218 2172 304 2247 eare.
1266 2116 1277 2136 ⁶

260 2278 453 2366 Euphorion
472 2278 500 2333 (²)
517 2280 616 2348 aliam
640 2282 748 2349 etiam‘
760 2281 844 2347 Naxi
869 2279 1110 2368 etymologiam
1129 2277 1226 2366 fingit

216 2422 236 2469 a
251 2402 352 2470 verbo
371 2406 460 2483 νᾶξαι,
474 2404 565 2491 quod
577 2403 669 2472 idem
684 2426 722 2472 ae
734 2415 858 2483 boreis«
876 2408 1101 2487 sacrificare»
1119 2402 1224 2491 signi-

217 2528 314 2602 fieat;
346 2527 391 2595 ita
417 2533 454 2596 ut
478 2527 535 2597 illa
563 2529 673 2597 insula
698 2529 939 2597 sacrificiorum
967 2529 1077 2597 fuerit.
1098 2530 1226 2618 Nempe

218 2652 345 2731 dieunt,
367 2653 402 2718 in
422 2647 621 2721 memoriam
644 2654 764 2721 Baoohi
788 2654 847 2741 qui
877 2659 993 2721 octavo
1009 2672 1127 2720 mense
1141 2661 1145 2668 ’
1158 2679 1174 2712 «
1191 2652 1226 2717 in

206 2776 357 2842 ‘luminis
387 2796 462 2843 oras
480 2804 494 2839 a
526 2776 572 2842 ibi
600 2775 771 2866 prodierit,
800 2776 944 2845 feminas
972 2776 1093 2843 Naxias
1122 2797 1141 2843 a
1166 2777 1224 2842 Ju-
1313 2840 1319 2855 ,

218 2921 307 2969 none
333 2902 398 2969 hoe
418 2880 551 2969 ¹munus
578 2876 796 2980 tenuissent
820 2907 852 2970 et
880 2895 1088 2991 ipsaeoe'tavo
1109 2921 1226 2968 mense

218 3033 315 3117 partu
331 3034 608 3107 exonerarentur;
640 3025 719 3095 inde
745 3048 877 3095 morem
905 3027 1003 3094 illum
1030 3025 1248 3103 invaluisse„

219 3159 257 3219 ut
284 3155 463 3241 quotannis
500 3154 635 3242 publiea
666 3155 791 3223 lunoni
820 3155 954 3221 feminae
990 3153 1133 3229 litarent,
1169 3151 1227 3238 qui

219 3299 321 3346 suum
341 3279 461 3346 insulae
480 3300 605 3348 nornen
626 3279 766 3349 dederit.
789 3281 904 3347 Cetera
920 3283 1044 3355 autem,
1066 3297 1140 3364 quae
1154 3295 1226 3343 ma-

220 3410 394 3471 morantur
421 3404 463 3471 ab
489 3405 726 3494 Aglaosthena‚
755 3404 968 3494 Diodoroque
983 3407 1025 3470 ‘et
1048 3402 1154 3469 Plinio
1174 3401 1226 3468 in-

221 3528 304 3595 sulae
318 3529 493 3609 voeabula,
508 3530 711 3608 Dionisiada,
729 3528 911 3618 Callipolis
928 3528 1039 3595 Altera
1049 3526 1103 3595 vel
1122 3526 1228 3593 Minor

221 3651 344 3731 Sicilia,
368 3652 498 3732 laudeS,
516 3673 585 3720 non
605 3653 744 3721 nomina
763 3657 853 3719 sunt.

266 3778 336 3854 Ouo
351 3783 464 3846 autem
481 3783 633 3868 tempore
660 3778 759 3866 primi
788 3758 905 3843 iueolae¹
925 3776 960 3841 in
980 3774 1107 3842 insulas
1126 3774 1227 3860 AEgaei

259 4053 293 4125 ll)
308 4052 435 4119 Curuus,
452 4054 562 4121 Nauos,
573 4070 591 4107 r.

257 4143 296 4213 (2)
310 4143 409 4196 Sanan.
422 4143 552 4205 Ermum,
568 4138 668 4214 Νάξος.
724 4169 726 4173 ·
742 4181 745 4187 ·
