3159 5150
832 551 972 606 ..18-

409 713 470 761 nes
490 693 645 780 antiques
674 693 709 759 in
742 693 875 762 Oriente
903 693 1023 760 induit.
1055 693 1166 759 Primo
1187 690 1320 758 nulium
1347 689 1411 757 fuit

408 817 495 883 inter
526 814 654 903 lapides
680 816 879 889 mortarium
891 839 900 895 3
927 823 1044 905 postea
1064 820 1189 894 eutem,
1214 819 1252 881 ut
1272 813 1409 881 roboro-

406 947 498 1008 retur
508 960 604 1028 opus
621 937 775 1007 additum
785 945 847 1007 est.
865 940 956 1007 Sicut
967 939 1068 1006 turris
1084 938 1152 1019 ille,
1167 938 1209 1006 de
1224 957 1291 1026 qua
1310 955 1411 1025 supro

406 1064 614 1131 mentionem
636 1062 789 1143 fecimus,
826 1063 898 1130 haeo
927 1083 1063 1151 quoque
1091 1068 1179 1130 stare
1205 1063 1287 1141 sola,
1316 1060 1409 1128 nullo

391 1186 563 1277 ¹adjuncto
578 1208 753 1255 murorum
768 1188 891 1267 oinctu,
921 1187 1110 1267 videbatur,
1129 1186 1353 1277 proderetque
1368 1183 1409 1250 ad

406 1311 495 1380 villae
514 1312 568 1379 vel
587 1312 701 1400 peguli
715 1311 816 1379 vieini
841 1318 1003 1379 tutamen.
1028 1313 1144 1399 Neque
1173 1310 1265 1378 enim
1289 1309 1324 1374 in
1341 1314 1409 1374 tem

406 1434 510 1503 sterili
529 1435 667 1524 regione
689 1435 769 1503 urhs
783 1434 865 1513 ulle,
889 1442 945 1503 aut
968 1455 1086 1524 pegus,
1114 1436 1172 1523 qui
1192 1434 1287 1502 dives
1308 1439 1406 1505 esset,

406 1559 549 1626 existere
564 1559 685 1646 potuit.

565 2241 808 2290 onrnnrnnls
843 2244 988 2292 Pnnrrs
1015 2243 1255 2290 DESCRIPTIO

450 2523 626 2592 Orientalis
646 2525 764 2594 insulae
791 2546 868 2615 pers
887 2526 1009 2615 longos
1035 2522 1290 2615 profundosque
1311 2544 1409 2591 mon-

405 2648 491 2716 tium
506 2649 675 2716 anfractus
691 2650 828 2737 praebet,
846 2650 1046 2718 torrentium
1073 2650 1188 2717 alveos
1216 2649 1274 2736 qui
1296 2654 1410 2715 aestete

405 2773 495 2851 sioni,
512 2772 665 2840 hibernis
685 2771 812 2861 pluviis
827 2773 1011 2840 exundant.
1034 2774 1158 2871 Eorum
1173 2772 1278 2839 latera
1290 2770 1408 2838 hordei

405 2897 533 2985 linique
548 2898 721 2986 segetibus
737 2897 885 2974 consita3
903 2896 964 2965 sed
984 2896 1161 2985 praenipuae
1180 2896 1303 2963 horum
1317 2895 1408 2962 loeo·

404 3042 481 3088 rum
496 3042 577 3110 opes
600 3022 634 3087 in
662 3020 872 3089 metaliter).
894 3020 979 3087 Hinc
1000 3020 1092 3088 enim
1115 3025 1207 3087 entes
1230 3018 1410 3087 extrahun-

404 3152 459 3212 tur
477 3146 632 3212 omnium
653 3146 800 3233 optimae,
811 3146 926 3214 labore
942 3145 1031 3213 facili
1051 3153 1085 3213 et
1099 3145 1284 3213 fructuoso.
1306 3145 1408 3211 Maxi-

405 3291 482 3337 mus
507 3270 660 3337 omnium
687 3269 896 3339 anfractuum
919 3274 1130 3354 Aper-annon
1156 3270 1276 3338 urbem
1302 3269 1408 3337 eonti-

405 3400 477 3473 net,
511 3392 778 3482 expenditurque
820 3395 854 3460 in
893 3394 1072 3481 parvulum
1113 3402 1250 3484 portum
1280 3393 1410 3482 cymbis

404 3522 531 3605 aptum,
548 3524 722 3605 quaeootes
745 3523 921 3607 exportant
932 3541 941 3597 ;
967 3518 1009 3586 ab
1038 3518 1096 3586 illo
1129 3525 1243 3587 eutem
1271 3524 1410 3586 ventum

405 3640 543 3707 Boream
569 3646 660 3707 ercet
687 3641 956 3729 promontorium
982 3642 1252 3730 (ruodmannum,
1275 3643 1329 3711 vel
1351 3670 1408 3729 τρι-

405 3770 526 3848 άγκαθα,
545 3762 580 3828 id
601 3769 652 3830 est
669 3763 841 3843 «tridens
865 3765 1056 3847 tridentum,
1075 3794 1092 3829 r>
1109 3766 1242 3833 dieitur.
1261 3769 1409 3856 Aperen-

405 3886 493 3966 thos
518 3907 621 3975 quern
635 3907 761 3976 pagum
776 3890 908 3977 Depper
922 3896 955 3957 et
971 3890 1170 3959 Tournefort
1189 3895 1313 3972 Peroto,
1337 3891 1409 3958 Pia-

439 4089 476 4160 (l)
490 4088 601 4160 Empori.
615 4093 718 4147 scient.
739 4092 774 4145 de
794 4091 904 4158 Marde,
924 4094 1026 4147 section
1046 4096 1094 4148 des
1116 4095 1232 4149 scientes
1255 4096 1411 4167 physiques‚

403 4177 455 4231 vol.
471 4177 503 4243 11,
521 4177 557 4230 1¹⁶
570 4179 667 4247 partie,
681 4196 708 4249 p.
728 4178 773 4242 61,
823 4203 827 4210 -
