3159 5150
835 585 974 639 ..96-

402 723 543 791 societas
557 723 801 794 extendebatur
814 747 915 814 quam
936 729 1036 816 prior,
1056 734 1169 818 utpote
1183 750 1270 817 quae,
1288 738 1408 820 praeter
1509 799 1515 812 ,

401 850 570 936 Cycladas,
587 851 736 921 Athenas
751 852 1027 941 Athenarumque
1045 854 1206 935 colonias,
1229 860 1264 924 et
1278 857 1406 929 Graeeas

399 974 630 1043 AsiaeMinoris
640 977 742 1045 urbes
753 978 1138 1066 complectereturlum
1148 979 1282 1067 legibus
1291 982 1406 1050 certio

305 1072 311 1080 ’
398 1097 492 1165 ribus
506 1099 802 1168 administrabatur
820 1126 827 1168 :
846 1122 907 1169 sua
926 1102 1017 1170 enim
1037 1110 1132 1170 erant
1150 1104 1318 1173 sociorum
1334 1106 1404 1173 eui-

399 1241 466 1309 que
477 1222 634 1292 obeunda
647 1225 775 1305 munia,
793 1246 854 1295 sua
873 1224 1112 1314 perpendenda
1125 1226 1249 1295 tributa
1262 1252 1270 1307 ;
1281 1230 1403 1318 ‘Delia-

399 1348 752 1417 oumverooonoilium
768 1347 811 1417 de
823 1350 1062 1417 communibus
1072 1351 1175 1419 rebus
1187 1351 1402 1432 decernebam

398 1471 519 1560 placita
537 1473 611 1560 ejus
631 1473 855 1542 Athenienses
874 1474 1156 1562 exsequebantur.
1174 1475 1256 1544 Inde
1286 1478 1405 1546 Ionieae
1496 1533 1499 1538 .

398 1596 489 1665 illius
519 1598 687 1667 societatis
706 1598 848 1666 exitium
870 1598 990 1667 :nulla
1004 1600 1094 1666 enim
1110 1601 1245 1688 publico
1264 1603 1403 1670 coneilio

315 1722 317 1727 ’
398 1742 457 1811 per
475 1742 512 1790 se
526 1723 717 1802 auotoritas,
739 1744 846 1811 quum
860 1723 994 1791 nullum
1022 1725 1056 1791 in
1081 1745 1118 1793 se
1146 1726 1219 1814 ipso
1240 1726 1402 1794 auxilium

397 1845 546 1925 haberet,
569 1865 680 1934 neque
695 1847 879 1914 exereitum
903 1848 1012 1915 ullum
1022 1870 1089 1937 quo
1105 1848 1212 1917 edicta
1222 1870 1294 1930 sua,
1318 1852 1363 1929 vi,
1375 1851 1403 1918 si

397 1991 483 2059 opus
515 1976 615 2050 esset,
645 1976 807 2040 tueretur.
843 1973 950 2041 Omne
973 1973 1015 2041 ab
1043 1973 1184 2042 Athenis
1213 1951 1401 2042 subsidium

397 2095 623 2184 exspectabat,
646 2096 691 2167 ita
710 2101 747 2163 ut
761 2097 868 2176 brevi,
887 2098 1012 2164 amissa
1029 2097 1194 2177 libertate,
1210 2097 1295 2164 nihil
1310 2097 1402 2165 aliud

396 2220 522 2287 laetum
557 2221 599 2289 sit
627 2220 693 2288 nisi
712 2220 976 2288 Atheniensibus
1001 2220 1145 2288 duoibus
1164 2220 1401 2289 dominationis

397 2345 671 2413 instrumentum.
702 2343 853 2414 Tandem
881 2364 1062 2432 suppressa
1089 2349 1140 2413 est
1168 2345 1302 2412 concilii
1317 2365 1402 2413 vana

396 2469 454 2536 illa
471 2470 594 2557 imago,
613 2469 813 2537 translatum
828 2489 908 2538 vero
931 2470 1080 2537 Athenas
1089 2470 1256 2548 aerarium,
1274 2470 1399 2537 insula-

394 2615 460 2683 que
475 2595 658 2685 ipsaDelos
671 2596 790 2664 Attiois
809 2595 937 2663 colonis
952 2594 1069 2674 divisa,
1092 2596 1150 2683 qui
1173 2596 1274 2663 etiam
1292 2594 1399 2662 admi-

288 2794 291 2801 ,
396 2719 608 2788 nistrandum
628 2720 884 2807 ourandumque
910 2720 1075 2807 Apollinis
1100 2720 1263 2808 templum
1285 2739 1398 2790 susee-

394 2864 473 2933 pere
495 2844 538 2910 (¹).
571 2844 664 2911 Tune
697 2843 847 2923 demum,
883 2850 959 2933 post
988 2844 1126 2912 alteram
1159 2843 1395 2932 expiationem,

394 2969 546 3037 restituta
572 2975 652 3035 sunt
676 2989 695 3035 a
722 2968 816 3036 Nicia
849 2969 988 3056 antiqua
1019 2967 1195 3044 solemnia,
1225 2967 1398 3055 primaque

393 3092 657 3180 quinquennalia
681 3091 722 3159 ab
736 3091 999 3160 Atheniensibus
1019 3095 1113 3160 sexto
1124 3090 1397 3180 Peloponnesiaci

393 3217 474 3285 belli
488 3237 578 3284 anno
588 3216 754 3285 celebrata
768 3222 848 3284 sunt
860 3217 893 3270 (ἲ)
914 3217 1013 3303 (426).

433 3342 615 3409 Dorienses
629 3340 670 3421 (³),
687 3341 775 3407 nihil
790 3341 986 3429 sibiarege,
1013 3347 1148 3430 propter
1171 3340 1396 3428 longinquita-

303 3511 306 3516 «
392 3472 460 3533 tem
476 3465 625 3554 regionis
643 3484 722 3544 suae,
741 3465 932 3534 timendum
947 3465 1019 3544 rati,
1037 3464 1079 3532 ab
1094 3484 1133 3532 eo
1153 3461 1280 3532 foedere
1294 3462 1397 3531 absti-

392 3596 551 3669 nuerunt,
574 3591 618 3657 ita
637 3591 876 3678 Spartanorum
892 3594 1003 3677 partes
1023 3587 1170 3676 amplexi
1202 3593 1239 3655 ut
1267 3587 1397 3654 nollent

395 3724 506 3806 tamen
526 3737 584 3785 eos
603 3716 646 3782 ad
669 3715 938 3805 recuperandum
960 3715 1062 3782 armis
1076 3713 1257 3801 imperium
1272 3712 1395 3780 auxilio

529 3845 531 3851 ,
615 3811 627 3843 b

428 3910 466 3982 (l)
480 3909 608 3971 Bmoxm,
631 3910 933 3979 Staatshaasbaltanp
949 3910 1002 3963 der
1024 3910 1163 3972 Athena,
1179 3909 1231 3962 vol.
1252 3907 1287 3968 ll,
1304 3925 1332 3977 p.
1351 3906 1396 3972 78,

391 3991 433 4044 ch.
450 4005 497 4055 vu,
515 3990 658 4043 «Marmor
671 3990 863 4043 sandwieence.
874 4008 890 4042 a
902 3991 942 4042 De
953 3990 1125 4042 Atheniensi
1139 3988 1396 4042 administratione

288 4082 294 4087 ’
391 4071 503 4125 Deliaci
516 4069 667 4136 Thesauri.
683 4071 718 4122 ef.
736 4068 765 4123 Ο.
776 4070 803 4122 Ι.
822 4069 966 4136 G.‚v01‚1,
982 4087 1007 4138 p.
1024 4069 1087 4129 252,

428 4151 467 4221 (2)
486 4149 622 4214 Tauiana,
640 4148 685 4201 ΙΙΙ.
704 4148 763 4201 loa.

427 4229 464 4300 (3)
479 4229 600 4282 Conana.
615 4228 733 4291 Nanos,
750 4228 927 4282 Pausanias.
