3159 5150
820 548 976 602 -90-'

377 713 454 781 qne,
483 713 552 759 nen
572 693 638 759 nisi
653 691 780 759 domito
800 691 842 758 ab
858 689 1050 757 lllexandrn
1072 691 1247 779 Persarum
1272 689 1378 777 impe-

376 818 438 895 rin,
462 817 529 885 duc
549 822 625 906 post
644 816 768 895 secula,
796 815 907 883 desiit.
925 817 998 881 Nun
1023 820 1162 903 potuere
1183 816 1281 881 lones
1302 813 1380 880 totis

377 945 463 1012 Darii
491 944 620 1013 viribus
649 944 815 1022 resistere,
839 943 984 1029 victique
1007 941 1096 1030 apud
1118 941 1288 1039 Ephesum
1300 939 1380 1020 (¹),a
1486 928 1488 932 ¹

377 1046 477 1137 suciis
493 1069 655 1149 destituti,
681 1067 804 1157 proditi
820 1088 839 1134 a
854 1068 972 1135 Samiis
991 1067 1080 1156 apud
1099 1066 1234 1146 Ledam,
1253 1064 1380 1134 navali-

376 1215 442 1283 que
468 1195 582 1284 praelio
607 1195 719 1275 attriti,
745 1195 951 1264 deditionem
982 1194 1144 1262 fecerunt.
1168 1193 1322 1262 Restabat
1343 1195 1381 1258 ut

376 1321 484 1388 Persae
498 1320 663 1388 ultionem
677 1320 780 1387 simul
795 1320 878 1388 illati
891 1320 933 1388 ab
943 1319 1205 1388 Atheniensibus
1216 1317 1380 1386 Eretrien-
1480 1352 1484 1359 ,

377 1444 539 1532 sibusqne
557 1445 639 1513 belli
652 1449 945 1534 persequerentur,
963 1451 996 1511 et
1010 1444 1142 1532 imperii
1159 1443 1212 1510 sui
1226 1441 1381 1531 prolatic

377 1589 467 1636 nem.
486 1568 689 1648 Mardonius,
714 1569 773 1657 qui
788 1569 916 1657 primus
929 1569 964 1635 in
978 1568 1136 1635 Graeciam
1154 1570 1214 1656 per
1227 1565 1380 1634 Macedn-

378 1694 443 1761 niae
456 1700 489 1762 et
508 1694 656 1761 Thraciae
670 1694 781 1761 littera
797 1694 970 1760 immissus
985 1692 1059 1772 fuit,
1072 1692 1215 1760 classem
1234 1695 1379 1778 tempes-

378 1823 444 1886 tate
468 1816 511 1885 ad
539 1823 692 1885 montem
705 1817 818 1886 Athon
839 1823 963 1897 coorta,
989 1817 1173 1885 exercitum
1192 1813 1380 1903 aggressio-

378 1942 479 2009 nibus
504 1941 724 2009 Barharnrnm
743 1963 849 2030 quum
870 1941 1048 2021 amisisset,
1067 1939 1189 2007 infecta
1216 1958 1251 2007 re
1269 1938 1381 2004 Asiam

377 2066 543 2155 repetivit.
554 2067 647 2133 Tunc
661 2067 756 2134 missi
771 2066 873 2154 legati
887 2067 956 2154 qui,
971 2071 1132 2133 terrerem
1149 2063 1238 2151 regis
1253 2062 1306 2129 sui
1317 2061 1381 2128 mi-

378 2212 506 2279 nasque
526 2191 813 2271 circumferentes,
841 2193 1007 2260 civitatem
1028 2209 1197 2279 quamque
1214 2188 1383 2256 inGraecia

378 2320 420 2399 ad
437 2320 661 2388 voluntariam
681 2319 887 2388 deditionem
903 2319 1154 2408 compellerent.
1176 2317 1260 2384 Male
1279 2314 1382 2383 hahiti

377 2445 529 2513 Athenis·
543 2453 576 2512 et
592 2446 715 2535 Sparta
737 2444 785 2511 illi
811 2445 923 2533 legati,
950 2445 1138 2531 violataque
1158 2443 1257 2510 etiam
1276 2441 1311 2507 in
1335 2439 1383 2506 eis

378 2571 531 2660 gentium
546 2572 643 2660 jura;
664 2577 697 2639 at
715 2570 851 2640 audiere
871 2572 1039 2661 proposita
1054 2561 1127 2639 turn
1146 2570 1181 2636 in
1200 2566 1384 2637 continenti

380 2694 541 2774 Thebani,
560 2701 633 2763 tum
648 2697 813 2764 insulares
824 2716 954 2774 omnes,
972 2697 1118 2784 Eginetae
1132 2694 1271 2784 quidem
1284 2692 1384 2759 Athe-

380 2819 551 2886 niensium
570 2820 708 2899 invidia,
722 2821 824 2889 ceteri
840 2825 932 2888 metu
948 2821 1094 2909 impulsi.

423 2945 535 3012 Altera
564 2943 728 3012 adversus
748 2945 908 3012 Graeciam
926 2945 1100 3013 Persarum
1115 2942 1296 3032 expeditio,
1314 2942 1384 3009 nati

291 3133 293 3138 ,
380 3078 413 3139 et
426 3070 625 3159 Artapherni
641 3070 876 3150 (²lc01nmissa,
894 3077 984 3138 recta
993 3072 1047 3139 via
1060 3091 1120 3159 per
1128 3071 1278 3157 AEgaeum
1294 3087 1385 3135 mare

380 3194 423 3263 ad
441 3194 602 3263 Euboeam
612 3194 764 3263 tetendit.
780 3196 894 3263 Insula
904 3215 1046 3283 quaeque
1061 3200 1178 3261 nautas
1194 3192 1385 3279 militesque

380 3317 531 3386 Barbarae
558 3318 658 3386 classi
690 3317 770 3386 dare
790 3325 915 3398 coacta,
942 3317 1022 3386 fidei
1051 3317 1198 3385 obsides.
1217 3305 1410 3392 Naxoset'

379 3464 486 3531 quum
514 3443 669 3511 resistere
700 3448 819 3511 conata
847 3450 948 3523 esset,
983 3447 1173 3532 expugnata
1195 3440 1278 3519 fnit;
1305 3440 1385 3507 urbs

380 3567 533 3635 funditus
551 3588 679 3646 eversa,
704 3551 834 3656 quique
858 3569 1015 3637 homines
1044 3568 1079 3634 in
1098 3566 1266 3633 montium
1295 3566 1383 3631 inac-

381 3715 493 3764 cessas
506 3695 650 3763 latebras
657 3695 835 3784 perfugere
846 3715 915 3763 non
932 3699 1123 3783 potnerunt,
1133 3693 1259 3759 cetenis
1269 3691 1382 3766 vineti,
1421 3751 1423 3754 .

379 3823 414 3887 in
432 3792 655 3907 militiamque
669 3818 815 3907 abrepti:
831 3818 912 3886 Delu
927 3824 1059 3886 tantum
1077 3823 1298 3904 pepercerunt
1308 3816 1383 3882 Bar-

416 4022 635 4094 (numm,
653 4021 779 4086 102;V1‚
799 4020 841 4086 10,
860 4021 901 4082 11,
920 4020 962 4087 12,
973 4020 1018 4089 20,
1031 4021 1076 4075 21.

324 4168 333 4180 .
417 4112 455 4183 (2)
472 4113 592 4174 ennon,
604 4111 651 4176 Vl,
666 4111 711 4176 49,
724 4111 769 4176 95,
783 4111 827 4166 90,

418 4198 456 4270 (3)
471 4199 617 4264 Humerus,
635 4198 669 4264 ll,
684 4198 726 4255 19.
