3159 5150
191 737 283 806 unde
305 740 422 804 statuae
444 755 569 801 nornen
592 754 772 823 agnoscas:
800 734 902 822 vulgo
927 732 1069 802 credunt
1092 734 1194 823 Apol-

191 862 296 928 linem
308 879 385 929 esse
402 883 409 926 ε
428 878 571 946 eamque
581 859 665 925 Ross
679 878 756 925 curn
771 877 812 926 eo
827 857 991 948 Apollinis
1005 857 1135 926 confert
1148 857 1194 925 si-

190 986 339 1053 mulacro
353 982 446 1071 quod
468 983 588 1051 Tenem
602 982 790 1062 inventurn,
809 982 1067 1070 veterrimisque
1095 983 1196 1050 aseri-
1309 966 1313 971 ⁴

191 1108 342 1177 bendum
356 1109 509 1178 est.Tum
524 1128 566 1176 ex
584 1128 625 1177 eo
640 1107 732 1196 quod
745 1108 852 1175 multa
867 1107 990 1175 similia
1003 1107 1105 1177 habet
1119 1129 1194 1176 oum

191 1234 322 1302 Deliaco
346 1232 403 1300 illo
423 1232 553 1300 colosso
580 1233 677 1321 cnjus
705 1230 872 1300 dedicatio
888 1230 920 1286 (ί)
944 1231 1197 1320 fragmentaque

192 1357 293 1426 hodic
312 1361 454 1435 exstant,
473 1357 646 1445 conjacere
665 1355 701 1422 id
721 1376 797 1423 esse
816 1356 964 1445 primum
980 1357 1089 1446 operis
1106 1356 1197 1424 illius

191 1482 472 1572 experimentum,
493 1481 538 1548 ob
556 1466 712 1569 quaedam
741 1481 919 1551 marmoris
948 1480 1028 1573 vitia
1056 1479 1197 1549 derelic-

192 1614 265 1674 tum
280 1604 321 1672 (ἢ.
336 1605 415 1683 Quis
430 1610 541 1673 autem
561 1604 737 1673 barbatum
752 1605 943 1696 Apollinem
957 1602 1085 1671 audiit?
1101 1603 1198 1672 Haud

192 1731 273 1798 satis
291 1734 415 1798 attente
430 1729 600 1797 simulacri
614 1730 765 1817 uultum,
788 1730 846 1818 qui
866 1750 906 1799 ea
924 1730 1098 1818 scripsere,
1117 1750 1198 1796 con·

192 1854 343 1944 templati
359 1859 450 1922 sunt.
467 1853 499 1921 Si
523 1854 620 1942 cujus
635 1855 726 1922 enirn
749 1856 901 1923 numinis
916 1856 988 1922 haec
1012 1859 1063 1922 est
1076 1859 1196 1933 statua,

191 1980 284 2048 lovis
298 1986 386 2047 certe
401 1983 453 2047 est
471 1978 525 2046 vel
540 1979 671 2059 Bacchi,
693 1979 767 2068 ejus
792 1980 849 2067 qui
874 1980 1010 2048 Indicus
1029 1978 1200 2067 cognomi-

194 2110 302 2173 natur.

237 2229 327 2296 Nihil
342 2235 455 2297 autem
470 2248 580 2316 neque
599 2227 689 2318 apud
715 2228 871 2296 homines
894 2249 1005 2317 neque
1025 2229 1060 2295 in
1086 2248 1199 2296 rorum

195 2362 311 2423 natura
325 2355 363 2421 fit
378 2355 475 2443 cujus
489 2354 583 2421 nulla
592 2354 730 2422 omnino
741 2353 839 2422 reddi
853 2355 936 2424 ratio
945 2355 1061 2444 possit.
1072 2357 1200 2444 Nempe

195 2483 325 2568 reperta
344 2483 395 2546 est
415 2478 450 2543 in
474 2477 578 2545 altero
608 2467 702 2546 collis
731 2476 885 2567 ejusdem
911 2477 1025 2557 latere,
1048 2478 1082 2543 in
1106 2484 1200 2566 parte

194 2626 270 2692 quae
295 2604 457 2671 anfractui
479 2624 582 2691 parvo
613 2587 857 2692 supereminet,
882 2602 1053 2691 inscriptio
1076 2602 1200 2691 Apolli-

192 2730 249 2795 ·nis
276 2747 401 2795 nomen
432 2726 581 2795 referens
606 2753 613 2793 :
642 2737 706 2815 ὅρος
731 2734 834 2815 χωρίου
858 2732 930 2814 ἱεροῦ
958 2725 1139 2804 ’Λπόλλωνος
1153 2725 1198 2791 (3).

196 2855 303 2920 Locus
318 2851 439 2918 dicitur
458 2855 609 2931 Mandro,
631 2851 737 2919 idest
762 2851 862 2930 ovile,
885 2851 1082 2939 litteraque,
1105 2851 1201 2918 nt-in

196 2978 321 3044 montis
349 2977 404 3044 Zia
437 2977 665 3066 inscriptione,
695 2996 776 3044 saxo
803 2997 926 3065 magno
949 2977 1084 3043 inarata
1109 2981 1198 3043 sunt.

198 3101 280 3168 Inde
294 3100 378 3167 illud
395 3103 554 3183 ,lpollono
573 3120 697 3167 nomen
713 3101 790 3168 colli
814 3093 970 3179 inditum,
988 3120 1064 3188 quae
1086 3100 1200 3190 appel-

198 3225 276 3292 latio
292 3225 501 3293 itaavertice
511 3245 620 3314 usque
630 3223 671 3293 ad
682 3225 811 3292 radices
822 3223 990 3292 montisel
1000 3223 1043 3292 ad
1053 3223 1204 3313 subjecta

198 3348 271 3415 loca
285 3349 439 3436 pertinet,
458 3353 537 3417 utet
554 3369 633 3437 ager
648 3349 704 3416 ille
719 3348 754 3413 in
773 3368 842 3436 quo
864 3347 985 3416 effossa
1002 3346 1129 3434 aliquot
1142 3367 1203 3413 an-

198 3471 361 3559 tiquitatis
383 3470 534 3559 vestigia,
561 3477 593 3538 ot
611 3476 728 3569 portus
752 3471 824 3560 ipse
841 3471 1006 3560 Apollona
1020 3469 1062 3538 ab
1084 3469 1202 3537 incolis

200 3594 311 3662 dictus
334 3596 388 3662 sit.
406 3594 484 3662 Haee
504 3592 639 3662 audiere
661 3594 806 3663 viatores
828 3616 973 3683 quornm
993 3594 1138 3662 narratio
1162 3592 1205 3660 ad

200 3739 263 3785 nos
284 3718 448 3807 pervenit,
473 3717 687 3787 sermonibus
706 3719 885 3788 hominum
907 3719 1119 3807 amplificata,
1148 3739 1204 3784 ru-

237 3966 275 4038 ll)
289 3964 401 4037 Ecprd.
416 3969 516 4020 scient.
533 3968 568 4020 de
583 3967 692 4033 Morte,
708 3971 791 4023 lnscr,
801 3969 835 4021 de
850 3969 939 4023 Delos.
974 4015 978 4022 .

239 4054 277 4128 (2)
291 4055 366 4109 Prsu
381 4072 416 4109 nn
432 4057 550 4136 Knrnun,
566 4075 592 4127 p.
606 4056 652 4110 65.

238 4144 277 4215 (3)
297 4145 341 4198 Sic
353 4147 476 4200 emendat
488 4147 689 4217 inscriptionem
701 4146 772 4202 Reos
785 4163 927 4219 perperam
938 4149 1100 4202 strosnro
1109 4146 1207 4201 editam

204 4232 244 4303 (G.
261 4233 286 4286 I.
300 4234 345 4301 G,
358 4233 440 4305 2419)
453 4251 486 4286 ex
500 4235 620 4288 Fauvelii
633 4236 785 4289 autoritate.
