3159 5150
608 562 746 618 ,29-

175 705 353 792 regionum
368 704 523 772 omnium
545 704 725 790 Drymalia,
743 704 877 789 situque
899 699 1042 769 naturali
1060 722 1078 769 a
1093 702 1180 791 pira-

175 835 286 897 tarum
302 830 550 898 incursionibus
563 834 646 908 tuta,
665 847 727 894 neo
741 835 855 895 tamen
870 828 972 894 maris
982 829 1182 895 commercio

176 957 323 1034 exclusa,
347 976 454 1042 quum
470 955 501 1022 ei
523 974 582 1042 per
600 960 706 1019 sancti
730 955 888 1036 Stephani
910 952 1024 1020 fauces
1043 953 1085 1020 ad
1105 973 1182 1042 por-

176 1081 299 1161 tulum,
311 1085 334 1146 A
339 1087 445 1164 otosso
461 1085 630 1159 vocatum,
652 1083 762 1169 pateat
776 1099 944 1146 accessus.

223 1209 314 1275 Inter
327 1207 533 1294 Drymaliam
544 1212 811 1294 sequentemque
825 1205 962 1284 vallem,
975 1206 1124 1293 positum
1134 1214 1186 1274 est

179 1330 478 1419 castellum‚.quod
493 1351 533 1399 ex
545 1330 635 1399 edito
651 1331 717 1398 situ
736 1334 853 1414 Apono
875 1332 986 1398 Castro
1001 1328 1033 1382 (¹)
1053 1351 1184 1398 nuncu-

179 1460 287 1544 patur,
301 1453 419 1522 educe
435 1455 560 1521 Sanuto
570 1453 723 1521 Secundo
737 1452 952 1532 aedificatum,
975 1475 1042 1541 quo
1056 1454 1187 1521 Graecos

181 1580 224 1649 ad
242 1580 463 1648 rebellionem
483 1580 684 1647 inclinantes
704 1580 902 1647 contineret.
930 1580 1027 1647 Nunc
1044 1582 1187 1647 semiru-

181 1709 253 1771 tum
283 1704 334 1771 est
357 1711 390 1771 et
418 1724 575 1772 vacuum.
605 1708 756 1770 Potomto
789 1708 903 1770 autem
933 1703 1030 1770 vallis
1063 1724 1189 1772 nomen

182 1828 284 1896 habet
298 1849 318 1895 a
331 1829 403 1897 rivo
424 1850 491 1916 quo
507 1829 673 1917 irrigatur.
692 1828 774 1896 Inde
796 1829 888 1895 enim
904 1829 972 1896 exit
987 1829 1043 1895 ille
1065 1828 1190 1896 fluvius

183 1955 241 2041 qui
256 1953 427 2021 Livadiam
451 1954 657 2043 praeterlluit,
683 1974 725 2021 ex
750 1953 884 2021 duobus
903 1954 985 2021 rivis
1012 1954 1188 2032 conflatus,

184 2098 358 2165 nunquam
374 2077 621 2145 deficientibus.
651 2079 688 2144 ln
718 2077 802 2145 duas
819 2072 1008 2146 ¹valliculas
1032 2076 1193 2146 dividitur

184 2174 343 2281 Potamia,
357 2222 431 2290 quae
444 2202 552 2269 embae
580 2202 621 2269 ad
644 2206 739 2292 Ztrto
758 2202 946 2270 anfractum
975 2203 1189 2270 conveniunt.
1225 2280 1230 2289 .

186 2327 259 2392 Una
269 2326 419 2393 Potamia
432 2325 567 2414 proprio
582 2326 720 2393 nomine
737 2324 859 2392 dicitur
879 2346 957 2391 cum
973 2325 1081 2392 trihus
1095 2326 1190 2404 vicio,

186 2449 361 2536 hortisque
390 2449 563 2517 fructuum
595 2449 763 2519 feracibus
775 2475 783 2529 ;
813 2450 964 2529 alteram,
995 2458 1101 2517 sooctt
1133 2454 1193 2516 Mt-

186 2579 310 2639 mootts
329 2572 464 2653 dictam,
487 2575 635 2663 episcopi
657 2575 754 2642 latini
777 2575 859 2643 villa
883 2563 1023 2654 obtinet,
1051 2573 1195 2643 deserta-

187 2721 254 2789 que
268 2700 380 2780 hodie,
403 2700 486 2767 olim
505 2702 703 2768 marmoreis
719 2702 923 2790 pavimentis
943 2702 1109 2771 nobilium
1129 2705 1194 2771 Ve-

189 2833 345 2893 netorum
360 2826 513 2914 sepulcre
533 2827 696 2915 obtegens
716 2828 868 2895 ecclesia.
890 2829 927 2894 ln
943 2827 1101 2895 eumdem
1114 2829 1198 2895 Ziria

167 2946 171 2953 ’
190 2949 374 3018 anfractum
390 2950 536 3038 aperitur
546 2951 641 3018 tertia
656 2950 825 3030 vallicula,
844 2953 1048 3033 Columnata,
1066 2972 1199 3020 amoena

191 3083 224 3143 et
252 3075 358 3155 dives
393 3075 565 3163 quondam
598 3081 731 3164 patrum
749 3077 953 3144 lesuitarum
977 3077 1068 3156 villa,
1096 3076 1199 3143 bodie

192 3199 444 3266 Lazaristarum.
460 3235 461 3240 κ

238 3324 329 3392 Pone
354 3323 607 3392 Calamitzianos
636 3324 739 3392 colles
758 3331 896 3413 apparet
914 3325 1104 3413 gratissima
1125 3324 1200 3392 visu

193 3447 312 3514 insulae
328 3447 430 3542 totius
449 3448 561 3528 vallis,
581 3468 656 3535 quae
674 3450 814 3543 Melanos
828 3448 961 3516 dicitur.
980 3451 1017 3515 ln
1032 3449 1201 3517 theatrum

195 3574 342 3649 curvata,
373 3590 392 3637 a
421 3570 492 3659 ripa
520 3572 676 3639 torrentis
706 3572 867 3660 paulatim
900 3573 1059 3660 assurgit,
1093 3571 1203 3638 donec

194 3715 236 3764 ex
256 3695 395 3776 aedibus,
424 3718 499 3785 quae
526 3717 699 3764 summum
722 3698 885 3765 verticem
908 3701 1083 3786 occupant,
1116 3696 1203 3762 ultra

196 3822 367 3911 oppositos
397 3822 431 3888 in
456 3843 563 3891 scene
593 3823 734 3890 modum
751 3822 867 3900 colles,
892 3841 984 3888 mare
1005 3840 1202 3908 sparsosque

96 3993 98 3997 -
197 3966 257 4035 per
271 3966 384 4034 aequor
395 3946 524 4014 insulas
533 3947 725 4036 prospicere
744 3946 798 4012 sit.
818 3946 855 4010 ln
875 3944 981 4011 hortis
1002 3943 1137 4011 assidue
1152 3943 1201 4009 vi-

235 4210 273 4283 (l)
289 4212 364 4267 Pasn
377 4227 414 4266 ou
428 4211 547 4278 Kainon,
562 4210 607 4278 ol,
620 4210 813 4266 Ponocostro.
