3159 5150
846 615 986 670 -82-

413 773 472 843 per
495 759 644 842 apertam
670 777 689 824 a
712 740 875 846 Diogneto
893 766 1031 849 portam
1061 761 1209 851 irrupere
1239 764 1346 844 Naxii,
1370 770 1412 843 et,

383 858 386 866 ¹
412 876 500 946 caede
516 879 643 968 ingenti
657 886 802 969 peracta,
825 881 1019 952 obsidentes
1042 886 1086 952 ita
1114 884 1355 967 disturbavere,
1379 895 1416 956 ut

411 1022 514 1070 naves
549 1003 702 1091 protinus
735 980 1010 1087 conscenderent,
1037 1015 1290 1100 remearentque
1322 1014 1414 1081 Mile-

409 1132 494 1193 tum.
515 1127 636 1195 Dicunt
649 1132 723 1196 tum
748 1128 892 1197 salutem
913 1131 1067 1220 Diogneti
1087 1133 1287 1221 Polycritam
1310 1137 1413 1225 preci-

407 1250 472 1318 bus
491 1273 510 1319 a
528 1252 660 1321 civibus
670 1254 878 1342 impetrasse.
896 1254 961 1323 Sed
976 1256 1040 1323 alia
1056 1264 1108 1324 est
1123 1257 1222 1339 fama,
1237 1279 1314 1327 eum
1330 1261 1415 1327 inter

408 1374 629 1464 pugnandum
644 1377 781 1446 latuisse
801 1378 1071 1460 occumbentem,
1082 1381 1269 1471 ipsamque,
1284 1383 1414 1451 civibus

408 1499 451 1567 ad
465 1506 594 1589 portam
614 1503 867 1571 occurrentibus
887 1524 1011 1593 magno
1028 1527 1106 1572 curn
1125 1507 1261 1595 gaudio,
1286 1507 1411 1575 collau-

408 1632 631 1723 dantibusque
658 1641 691 1704 et
708 1643 796 1703 serta
815 1635 1012 1717 ferentibus,
1040 1640 1272 1727 magnitudine
1294 1642 1413 1708 laetitiae

320 1842 324 1853 f
408 1759 642 1833 exanimatam,
660 1759 695 1825 in
716 1761 787 1848 ipsa
806 1769 902 1849 porta
916 1768 1082 1830 mortuam
1107 1740 1313 1843 concidisse;
1334 1763 1411 1831 inde

407 1883 525 1950 ambos
532 1879 686 1953 amantes
696 1906 803 1952 unum
820 1887 1014 1974 sepulcrum
1026 1888 1209 1976 excepisse,
1221 1887 1278 1954 diu
1289 1908 1411 1975 magno

406 2008 534 2077 honore
561 2030 580 2076 a
599 2010 712 2077 Naxiis
739 2011 880 2089 cultum,
902 2011 993 2098 quod
1008 2012 1135 2079 Livoris
1154 2017 1410 2079 monumentum

406 2135 680 2223 cognominatum
711 2143 779 2213 est,
816 2136 911 2224 quasi
942 2136 1067 2205 invidia
1097 2137 1242 2226 quadam
1269 2138 1409 2206 fortunae

406 2259 565 2328 fascinata
598 2261 761 2349 Polycrita
793 2261 922 2328 meritis
946 2261 1132 2329 honoribus
1152 2283 1220 2330 non
1248 2263 1410 2351 potuisset

406 2383 483 2451 frui.
1055 2382 1058 2389 ’
1170 2359 1172 2361 ’

449 2510 577 2580 Virtute
604 2511 705 2600 igitur
736 2510 893 2581 muliebri
917 2531 936 2580 e
963 2512 1115 2601 periculo
1139 2512 1293 2593 liberata,
1319 2512 1408 2602 quod

405 2633 581 2708 muliebris‘
608 2639 700 2707 fraus
724 2638 920 2719 adduxerat,
951 2642 1061 2707 Naxos
1085 2639 1173 2707 vires
1193 2659 1271 2706 suas
1291 2647 1405 2727 poten-

406 2765 553 2852 tiamque
575 2749 749 2851 reparavit,
770 2763 879 2830 donec
899 2770 931 2831 et
952 2764 1025 2852 ipsa
1052 2763 1086 2829 in
1107 2783 1186 2831 eum
1210 2769 1343 2831 motum
1357 2765 1405 2829 in·
1499 2816 1502 2821 .

405 2888 495 2969 cidit,
514 2889 572 2977 qui
586 2908 645 2977 per
664 2888 857 2957 nniversam
876 2889 1036 2957 Graeciam
1055 2873 1284 2956 auctoritatem
1301 2889 1405 2977 impe-

404 3015 559 3102 riumque
569 3014 611 3082 ab
625 3013 853 3102 optimatibus,
866 3013 928 3081 soli
942 2999 1204 3102 possessoribus,
1218 3011 1260 3079 ad
1274 3012 1406 3101 plebem

403 3134 461 3196 aut
480 3135 640 3217 tyrannos
654 3130 835 3197 transtulit.
859 3128 1023 3205 Quamdiu
1046 3128 1138 3195 enim
1165 3127 1308 3216 publicae
1327 3148 1406 3216 opes

403 3274 522 3343 parum
545 3255 741 3334 floruerunt,
770 3255 957 3344 primorum
977 3253 1187 3331 colonorum,
1214 3253 1272 3339 qui
1301 3273 1406 3320 armo

403 3401 478 3446 rum
495 3379 528 3447 vi
547 3378 645 3447 terris
663 3378 758 3467 potiti
778 3382 883 3456 erant,
905 3377 1030 3464 posteri
1059 3396 1193 3443 summo
1217 3375 1356 3455 honore,
1375 3379 1406 3441 et

403 3503 447 3572 ob
466 3502 599 3583 diuitias
610 3507 643 3571 et
657 3502 700 3570 ob
715 3502 850 3592 generis
862 3500 1083 3580 nobilitatem,
1098 3477 1290 3587 pollebant:
1306 3499 1404 3568 ceteri

402 3632 525 3720 vulgus
540 3631 681 3711 humile,
690 3631 799 3718 inops,
817 3630 889 3697 sine
909 3628 1025 3717 gratia,
1043 3629 1116 3695 sine
1130 3627 1336 3695 auctoritate.
1350 3628 1403 3693 ln-

402 3749 538 3837 teq'ecto
554 3753 668 3815 autem
687 3753 848 3835 tempore,
871 3745 1026 3812 nonnulli
1045 3763 1086 3811 ex
1106 3742 1205 3832 plebe
1226 3763 1286 3830 per
1305 3762 1404 3832 nego

401 3872 446 3939 tia
458 3892 497 3939 ac
511 3878 734 3938 mercatarum
749 3869 869 3958 opibus
887 3875 1075 3948 creverunt,
1104 3868 1163 3955 qui
1182 3866 1281 3934 altius
1306 3871 1404 3956 caput

401 3996 527 4084 erigere
554 3993 757 4083 plebemque
785 3993 910 4060 hortari
940 3998 1114 4081 coeperunt
1140 3997 1178 4060 ut
1205 3992 1402 4080 optimatum

399 4116 620 4207 perfringeret
639 4116 786 4196 ordines,
811 4136 878 4204 quo
903 4135 977 4183 sese
1004 4116 1069 4204 ipsi
1088 4116 1308 4184 insinuarent.
1340 4118 1401 4181 Ac-

400 4242 487 4331 cepit
513 4242 585 4310 laeta
613 4247 744 4309 motum
758 4240 980 4329 ardoremque
1000 4240 1187 4328 plebecula,
1204 4247 1323 4310 natura
1342 4240 1400 4308 ad-
