3159 5150
599 552 739 605 -67..

166 697 355 785 prehensus
371 702 470 776 esset,
486 695 604 764 exsilio
623 717 702 764 cum
715 695 815 763 sociis
829 716 867 762 ao
878 695 1019 775 consciis
1032 694 1168 762 sceleris

166 823 219 889 sui
242 823 383 911 patriam
407 828 556 891 mutasse
568 845 576 902 ;
606 829 679 889 tum
701 827 790 890 recto
819 794 937 888 itinere
961 823 995 887 in
1022 821 1167 888 insulam

167 946 371 1034 Strongylen
400 946 589 1027 advenisse,
613 967 688 1035 quae
712 946 885 1036 expositos·
908 946 943 1012 in
962 946 1072 1013 littore
1091 944 1167 1011 dul-

167 1069 286 1138 cedine
300 1071 376 1138 omli
390 1076 424 1165 et
439 1070 503 1138 soli
521 1070 689 1138 fertilitate
706 1070 860 1138 detinuit.
881 1070 930 1137 lbi
944 1070 1047 1159 igitur
1062 1090 1168 1158 quum

167 1194 393 1280 sedemsuam
420 1196 685 1274 constituissent,
707 1195 749 1264 de
772 1196 1009 1285 navigantibus
1040 1194 1168 1284 praedas

167 1326 319 1407 egerunt,
341 1340 407 1408 quo
426 1321 530 1387 vitam
554 1320 743 1388 tolerarent.
765 1319 924 1388 Nondum
942 1326 1055 1388 tamen
1077 1318 1168 1386 unde

168 1445 295 1512 viveret
308 1466 347 1512 ac
360 1446 494 1514 floreret
504 1445 634 1513 colonia
648 1445 847 1535 suppetebat
854 1469 862 1525 ;
882 1446 1019 1514 deerant
1033 1445 1170 1532 insuper

168 1568 302 1638 fembrae
335 1570 376 1637 ad
400 1570 648 1658 suscipiendam
673 1570 827 1639 sobolem
849 1570 1169 1660 propagandumque

169 1715 288 1782 genus.
311 1697 489 1783 Coeperunt
512 1695 613 1784 igitur
639 1695 783 1764 Thraces
805 1695 948 1763 navibus
972 1696 1042 1762 suis
1061 1694 1170 1762 vicina

169 1839 308 1907 quaeque
322 1818 396 1887 loca
410 1819 597 1899 circumire,
614 1819 658 1887 ad
676 1820 858 1887 mulierum
872 1805 1051 1906 rerumque
1069 1817 1170 1884 simul

170 1943 332 2031 rapinam.
350 1943 414 2011 Sed
433 1918 539 2031 quum
560 1942 720 2031 Cyclades
739 1950 869 2023 ceterae,
891 1963 965 2031 quae
988 1962 1112 2031 paucos
1139 1947 1173 2008 et

170 2067 251 2156 ipsae
265 2068 392 2136 incolas
407 2069 586 2149 habebant,
600 2070 714 2136 minus
728 2068 833 2137 ditem
841 2068 986 2158 praedam
1000 2068 1168 2143 offerrent,

169 2192 211 2259 ab
231 2191 368 2272 Euboea,
387 2213 489 2280 quam
506 2198 725 2274 tentaverant,
739 2192 877 2282 repulsi,
895 2212 1003 2279 usque
1017 2192 1052 2257 in
1066 2190 1170 2257 Thes-

169 2315 287 2383 saliam
306 2323 536 2406 penetravere,
553 2317 663 2405 adqne
682 2316 793 2384 littora
806 2316 937 2383 Achaim
948 2314 1169 2393 Phthiotides,

170 2440 228 2508 ubi
251 2446 305 2509 est
334 2414 415 2509 urbs
437 2442 545 2522 Drios,
567 2442 788 2531 ejusdemque
813 2442 960 2510 nominis
984 2462 1171 2529 1161611.-

115 2577 120 2590 *
171 2565 299 2654 pulcre.
316 2566 489 2635 Solemnes
517 2573 589 2635 turn
620 2567 705 2636 forte
727 2568 856 2636 Baccho
871 2568 991 2636 choros
1013 2568 1173 2636 mulieres

171 2690 349 2769 Thessala,
372 2713 450 2758 cum
472 2692 531 2759 Dei
550 2693 738 2761 nutricibus
757 2694 930 2782 nymphis,
952 2693 1107 2781 agebant.
1124 2693 1172 2758 lr-

171 2821 274 2881 ruunt
302 2813 488 2902 praedones
523 2821 556 2884 et
583 2816 811 2884 tardissimam
844 2825 1013 2905 quamque
1045 2815 1174 2904 trepido

172 2958 273 3005 cursu
300 2936 504 3025 fugientium
519 2939 698 3027 abripiunt,
721 2941 904 3029 interquas
926 2939 1100 3019 Coronida,
1123 2941 1173 3028 ip-

172 3083 312 3151 samque
332 3064 483 3151 reginam
498 3065 740 3153 Iphimedeiam
768 3087 846 3133 cum
860 3066 930 3133 filia
954 3061 1114 3133 Pancrati.
1135 3067 1176 3130 At

173 3187 323 3255 bacchus
347 3188 440 3256 haud
458 3190 659 3279 impunitam
681 3212 802 3279 passus
822 3192 949 3259 illatam
965 3191 1088 3258 nutrici
1106 3210 1176 3257 suae

172 3313 254 3380 vim.
268 3312 332 3380 Vix
346 3313 438 3380 enim
448 3335 586 3382 manum
600 3316 630 3384 ei
645 3337 753 3403 quum·
759 3316 928 3410 intulisset
939 3317 1051 3395 Buteo,
1064 3315 1176 3383 furore

174 3446 347 3526 correptus
363 3437 484 3518 subito,
502 3460 619 3508 amens
634 3441 669 3507 in
684 3446 823 3529 puteum
843 3463 879 3511 se
898 3442 1102 3530 praecipitem
1117 3440 1176 3508 de-

174 3564 234 3632 dit.
261 3565 363 3632 Primi
378 3570 454 3653 post
468 3566 565 3633 illum
589 3567 755 3635 Thracum
781 3568 937 3635 ductores
956 3566 998 3633 (¹).
1015 3565 1132 3635 Scellis
1145 3571 1178 3633 et
1248 3553 1249 3560 '

174 3690 367 3770 Hecetcras
396 3691 467 3779 pari
490 3692 703 3761 Pancratidos
730 3714 845 3762 amore
872 3692 1043 3772 ardentes
1065 3690 1177 3780 gladio
1240 3735 1242 3738 v

171 3815 290 3903 stricto
309 3835 518 3896 concurrere,
543 3819 736 3906 mutuisque
755 3819 943 3886 occubuere
965 3816 1175 3886 vulneribus.

175 3939 319 4022 Reduxit
351 3938 491 4007 domum
518 3942 762 4028 Agassamenes
792 3943 969 4032 praedones
1002 3949 1178 4031 raptasque

210 4135 248 4206 tl)
264 4135 410 4200 Amase,
425 4130 560 4208 Ναξιακά.
579 4136 687 4191 Scellim
701 4142 728 4191 et
741 4139 925 4193 cassamenem
940 4138 1006 4191 duos
1018 4137 1079 4189 illos
1091 4132 1179 4186 Thra-

176 4232 235 4270 cum
249 4217 384 4287 principes
397 4218 526 4270 nominat.
