3159 5150
622 533 761 589 ...35-

189 680 357 768 antiquus,
379 679 553 747 Distomou
572 683 673 768 puteo
693 684 726 746 et
739 677 865 767 duplici
879 697 936 799 ore
953 683 986 746 et
1004 680 1113 767 operis
1132 700 1190 769 ap-

189 810 305 894 paratu
334 804 466 884 similis,
494 803 683 872 lavantibus
711 808 823 872 vestes
845 824 924 871 suas
952 803 1063 871 solum
1086 804 1189 872 utilis.

189 928 351 996 Collectas
365 927 583 1016 pluviassvel
593 926 750 1015 quaesitas
764 927 882 1015 procul
893 948 912 995 a
923 928 1026 995 fluvio
1037 928 1193 1017 lymphas
1282 1006 1286 1012 ¹

4 1042 5 1045 '
89 1100 104 1145 ⁴.
189 1051 312 1118 bibunt
327 1051 461 1119 incolae.
481 1052 522 1117 At
540 1051 610 1120 baec
629 1057 680 1119 est
704 1053 858 1120 omnium
876 1052 946 1122 fare
971 1052 1099 1120 arcium
1117 1073 1194 1120 con-

191 1178 284 1259 diti0,
308 1184 346 1246 ut
364 1184 482 1268 potum
510 1180 565 1247 vel
590 1179 727 1248 aliunde
756 1185 915 1267 quaerant,
946 1181 1001 1248 vel
1023 1202 1064 1249 ex
1086 1182 1195 1270 puteis
1231 1151 1242 1244 .-

191 1302 358 1382 hauriant,
380 1309 413 1370 et
431 1323 555 1391 magna
568 1324 645 1392 pars
660 1309 826 1383 veterum,
844 1304 1027 1392 intorques
1045 1307 1192 1382 Athenae,

154 1421 157 1429 ’
191 1426 328 1493 urbium
357 1425 476 1495 eadem
501 1427 654 1496 laborant
678 1428 829 1517 penuria.
852 1428 917 1496 Sed
940 1429 1023 1496 olim
1041 1429 1195 1498 institue-

192 1550 316 1618 bantur
333 1570 472 1639 operum
503 1557 627 1620 tractus
654 1552 714 1639 qui
742 1551 956 1640 desumptam
975 1572 1016 1620 ex
1035 1552 1197 1640 proximis

193 1675 366 1743 montibus
387 1668 519 1763 equam‘
529 1675 584 1744 vel
608 1676 730 1763 apertis
745 1675 802 1743 vel
814 1675 913 1743 tectis
927 1675 991 1742 snb
1005 1680 1128 1743 terram
1142 1696 1197 1743 ca·

193 1801 328 1869 nalibus
341 1802 427 1881 imae,
445 1800 577 1880 media,
594 1807 652 1869 aut
666 1821 808 1868 summae
823 1802 925 1869 etiam
934 1801 1020 1869 arcis
1034 1801 1199 1869 altitudini

194 1925 423 2013 importarent,
455 1923 547 1992 unde
571 1945 631 2013 per
658 1945 696 1992 os
729 1925 822 2014 putei
851 1931 1031 2014 peteretur.
1063 1927 1200 1993 Exstant

181 2050 301 2143 'Naxio
315 2051 350 2116 in
366 2070 446 2138 agro
461 2049 628 2138 ejusmodi
641 2049 751 2138 operis
772 2049 925 2137 vestigia,
941 2049 1079 2117 Venetis
1098 2054 1197 2129 certe,

196 2196 236 2243 eo
251 2196 318 2263 quo
334 2196 424 2241 nnnc
437 2180 489 2244 est
503 2179 662 2264 apparatu
672 2173 888 2253 attribuendi,
900 2172 960 2243 sed
970 2172 1061 2260 quod
1089 2172 1202 2251 forsan

160 2283 163 2289 ’
197 2301 279 2368 olim
293 2297 398 2379 utilis,
414 2305 531 2388 postea
541 2299 717 2367 disturbati
726 2299 944 2388 aquaductus
954 2299 1116 2387 reparatio
1126 2298 1200 2364 fuit.
1278 2377 1282 2384 ι

197 2428 224 2492 Α
240 2425 383 2493 collibus
402 2428 507 2492 Florio
526 2432 559 2493 et
573 2429 800 2504 dolationibus,
815 2424 858 2492 ab
877 2424 1050 2492 occidente
1065 2423 1201 2495 scilicet.

198 2549 241 2618 ad
261 2549 381 2617 urbem
396 2542 491 2619 'recta
505 2569 609 2641 prope
637 2550 702 2618 ria¹
715 2548 905 2618 accedebat.
936 2550 984 2616 Ex
1011 2549 1075 2617 hoc
1099 2545 1205 2615 canali

201 2675 372 2764 derivatus
391 2683 461 2744 erat
474 2677 551 2762 fons
570 2696 673 2764 quem
680 2678 810 2744 Hassan
824 2678 904 2765 Aga,
927 2697 1016 2744 unus
1036 2672 1207 2744 exdurcis

137 2849 139 2853 ψ
200 2800 290 2889 apud
299 2801 425 2869 Naxios
440 2801 617 2890 praefectis,
630 2802 724 2870 mille
738 2803 924 2892 passibusa
937 2804 1029 2869 Naxo
1041 2802 1076 2867 in
1090 2802 1208 2892 itinere

199 2925 243 2994 ad
258 2927 406 3014 Engares
426 2927 611 2996 viatoribus
622 2928 854 3016 jumentisque
874 2928 992 2994 eorum
1018 2924 1208 2994 recreandis

201 3049 423 3121 edificaverat
436 3051 478 3118 (¹).
495 3051 560 3120 Sed
576 3037 833 3120 ductuscmnes
854 3051 942 3140 rupti
967 3050 1209 3138 disturbatique

86 3240 102 3269 ο
203 3180 294 3255 sunt,
308 3181 446 3263 aretque
458 3174 559 3243 hodie
572 3175 669 3254 lons;
688 3175 775 3243 aruit
784 3179 818 3242 et
828 3175 888 3261 qui
898 3173 1071 3241 dicebatur
1085 3173 1118 3239 in
1135 3173 1208 3261 ipso

205 3298 330 3365 ducum
339 3299 461 3388 palatio
477 3299 656 3369 exstitisse.
669 3299 759 3365 ¹Tum
772 3298 801 3363 si
817 3297 893 3384 quis
908 3295 1033 3364 canalis
1048 3295 1211 3384 potabiles

205 3423 314 3493 undas
330 3415 484 3493 Ariadna
499 3425 583 3493 fonti
599 3424 774 3504 inferebat,
796 3423 1009 3491 immixtione
1022 3442 1211 3491 amararum

205 3568 370 3637 aquarum
386 3555 563 3639 corruptus
582 3549 656 3617 fnit.
669 3550 775 3627 Certe,
794 3548 878 3615 urbe
892 3548 928 3613 in
943 3547 997 3614 his
1012 3546 1096 3614 locis
1107 3545 1212 3614 aedifi-

207 3680 290 3757 cata,
313 3682 471 3745 caverant
491 3681 621 3745 veteres
636 3681 674 3744 ut
696 3674 858 3763 ibipotus
881 3693 950 3741 non
973 3673 1142 3748 deficeret,
1160 3672 1214 3739 vel

207 3823 331 3892 magne
344 3803 499 3890 impense
513 3807 546 3869 et
559 3800 667 3868 multo
683 3799 797 3867 labore
812 3796 1024 3886 quarendus.
1067 3778 1070 3783 ⁸

240 3927 425 4022 'Quantum
449 3925 571 4013 conjici
594 3928 722 4012 potest,
752 3923 833 3990 urbs
857 3921 934 3989 colli
952 3921 1013 3988 toti
1030 3915 1213 3992 insidebat,
1255 3962 1260 3972 -

249 4192 288 4263 ll)
302 4190 385 4257 Roas,
401 4190 452 4261 Op.
469 4193 529 4260 cia,
540 4191 562 4256 l,
573 4190 616 4244 38.
