3159 5150
630 615 768 672 -95-

194 771 274 834 erat.
306 763 486 831 Pausanias
520 763 633 851 igitur,
658 784 734 830 cum
760 763 929 830 sociorum
955 762 1073 841 classe,
1104 764 1193 831 insu·

194 884 262 951 lam
295 883 442 971 Cyprum
471 882 646 949 Persarum
673 883 756 970 jugo
782 881 947 955 liberavit,
974 884 1199 970 oppugnarit-

194 1028 260 1096 que
278 1006 486 1094 Byzantium.
501 1004 564 1073 Sed
581 1005 738 1094 superbia
753 1005 956 1074 intolerabili
979 1006 1111 1074 animos
1125 1027 1198 1074 orn-

195 1133 289 1199 nium
300 1140 324 1199 'a
342 1151 379 1198 se
408 1129 577 1209 alienavit,
600 1151 684 1217 quos
709 1134 824 1197 eontra
854 1131 969 1218 patriae
999 1151 1068 1198 suae
1083 1131 1200 1197 Cimon

196 1255 363 1334 comitate,
384 1252 547 1320 Aristides
563 1253 718 1340 aequitate
739 1254 972 1321 conciliabant.
1005 1255 1091 1321 Hinc
1117 1255 1202 1324 Graa-

197 1378 445 1466 ciaeimperium
470 1376 766 1445 aliacedaemoniis
791 1376 834 1444 ad
855 1377 1077 1446 Athenienses
1092 1385 1200 1446 trans·

197 1503 314 1570 latum.
334 1502 517 1570 lonesiere
536 1506 641 1568 totam
670 1502 813 1569 classem
839 1502 1078 1582 instruxerant,
1095 1525 1201 1591 quum

197 1628 253 1695 rix
269 1632 356 1694 rates
371 1626 490 1713 viginti
506 1625 627 1693 doricae
641 1631 753 1693 essent
762 1650 771 1705 ;
790 1627 937 1714 ergonbi
953 1626 1112 1695 viderunt
1127 1628 1203 1716 plus

197 1752 312 1819 auxilii
327 1751 390 1818 sibi
405 1752 440 1817 in
451 1751 706 1819 Atheniensium
721 1752 900 1818 maritimis
915 1752 1036 1841 opibus
1051 1773 1151 1840 quam
1168 1755 1201 1819 in

198 1878 437 1964 Spartanorum
468 1875 680 1963 pedestribus
709 1876 814 1965 copiis
838 1895 929 1953 esse,
962 1877 1032 1964 Jam
1063 1877 1199 1965 linguae,

199 2000 350 2087 originis
368 2019 502 2066 morum
526 2000 767 2066 communitate
791 1998 834 2066 ad
859 2019 1063 2066 consensum
1078 1999 1203 2067 facien-

198 2124 281 2191 dum
305 2123 393 2190 inter
416 2143 453 2190 se
476 2123 647 2211 propensi,
664 2124 788 2212 rejecta
810 2124 982 2192 Pausaniae
996 2125 1201 2202 auctoritato,

199 2261 236 2309 se
249 2237 506 2308 Atheniensium
521 2239 664 2307 ducibus
680 2239 858 2309 tradidere.

247 2367 333 2453 Ergo
368 2365 521 2432 omnium
557 2366 661 2452 AEgaei
693 2366 796 2432 maris
828 2366 1015 2432 insularum
1047 2364 1205 2432 Asiatica-

200 2474 343 2579 rumque
362 2489 571 2557 coloniarum
586 2489 726 2557 societas
746 2490 832 2556 facta
851 2495 902 2558 est
913 2488 956 2566 (¹),
974 2490 1070 2579 cujus
1093 2488 1202 2561 sedes

201 2623 238 2684 ut
253 2623 286 2684 et
305 2616 397 2683 illius
411 2615 544 2703 prioris,
567 2615 666 2683 Delos
678 2619 759 2683 erat.
773 2616 1009 2685 Preternaves
1024 2616 1204 2705 copiasque

200 2755 285 2828 quas
305 2744 461 2827 praestare
480 2758 622 2826 quaeque
637 2737 764 2816 debuit,
787 2738 980 2806 institutum
995 2745 1046 2807 est
1055 2739 1207 2827 singulos

202 2865 236 2930 in
258 2883 365 2930 annos
383 2863 546 2929 tributum
566 2862 883 2951 quadringintorum
903 2864 1076 2952 sexaginta
1099 2863 1207 2931 talen-

201 2994 325 3066 torum,
343 2987 429 3053 inter
444 2986 566 3062 socios
583 3007 643 3074 pro
659 2987 823 3074 cujusque
837 2986 970 3075 opibus,
984 2987 1142 3075 partitum
1163 2987 1205 3052 (¹).

201 3109 377 3189 Aristides
400 3116 437 3177 ut
451 3110 559 3177 aerarii
574 3085 765 3178 communis
785 3117 980 3198 procurator
992 3111 1034 3190 (³),
1057 3111 1206 3199 partitio-

203 3253 282 3301 nem
308 3233 497 3301 faciendam
513 3234 670 3322 suscepit,
702 3239 953 3321 quaestoresque
975 3233 1090 3300 tributi
1114 3233 1207 3300 colli-

203 3357 305 3445 gendi
324 3357 421 3425 eleoti
440 3363 530 3424 sunt.
557 3357 814 3425 Atheniensium
838 3356 893 3423 bic
912 3363 982 3424 erat
1005 3357 1209 3446 principatus

203 3502 272 3549 non
292 3481 472 3570 imperium
484 3505 492 3560 ;
515 3488 553 3548 ut
568 3482 660 3550 enim
687 3481 827 3549 bellicas
847 3482 897 3547 illi
924 3501 978 3548 res
1006 3479 1207 3568 dirigebant,

146 3631 151 3639 ·
203 3611 237 3674 et
251 3607 417 3695 praecipua
436 3606 470 3672 in
487 3605 627 3674 concilio
651 3605 786 3694 publico
806 3603 978 3693 pollebant
1001 3606 1207 3683 auctoritate,
1294 3686 1297 3691 ,

204 3730 248 3796 ita
258 3730 446 3798 libertatem
468 3730 861 3817 administrationemque
879 3749 975 3812 suam
989 3729 1107 3797 civitas
1116 3750 1208 3816 quae-

203 3874 269 3942 que
294 3855 431 3944 privatis
445 3857 480 3922 in
495 3856 641 3944 negotiis
669 3855 862 3923 retinuerat.
889 3829 1002 3921 Latius
1011 3860 1124 3921 autem
1139 3854 1211 3920 haec

240 4079 278 4150 (l)
292 4078 428 4142 Tubero„
445 4081 466 4143 l,
481 4080 527 4142 95,
543 4080 588 4142 96,
603 4080 648 4135 98.

238 4167 277 4238 (2)
293 4164 445 4230 bionoabs,
460 4167 511 4230 xl,
528 4167 571 4220 47.
587 4167 658 4220 Dicit
668 4166 800 4220 tributum
815 4165 868 4220 560
879 4166 1041 4219 talentorum
1053 4164 1146 4218 fuisse.

240 4254 278 4328 (3)
295 4256 428 4321 Piorum,
445 4256 579 4317 Aristid„
595 4254 640 4317 39,
651 4254 695 4309 Al.
