3159 5150
816 579 955 632 ..76-

323 780 325 784 .
384 719 548 786 durabant
562 739 654 787 sacra
668 720 810 787 concilia
824 719 869 800 (¹),
887 725 932 800 et,
947 720 1036 788 dioto
1057 728 1218 809 tempore,
1235 720 1383 788 remissis

384 864 564 935 parumper
577 845 817 926 simultatibus
839 845 882 913 ad
900 866 1081 914 commune
1093 846 1204 934 gentis
1217 866 1287 915 suae
1301 851 1386 914 tem-

337 990 339 993 ·
384 971 490 1059 plum,
509 970 681 1058 Mylasam,
698 971 817 1050 Delon,
836 971 995 1061 Delphos,
1012 970 1190 1058 Mycalum,
1207 971 1381 1058 Grynium,
1415 977 1418 981 ’

383 1078 582 1186 Olympiam,
600 1097 773 1167 civitatum
788 1098 890 1186 legati
903 1096 1160 1166 conveniebant.

427 1198 747 1289 Nectamen'statim
766 1221 839 1289 hacc
862 1220 1043 1308 Cycladum
1069 1221 1209 1298 societas
1236 1221 1386 1288 instituta

384 1333 435 1421 est
449 1352 481 1407 (²)
499 1377 505 1421 :
523 1337 625 1443 longo
644 1353 805 1443 temporis
825 1353 932 1442 spatio
947 1373 1031 1442 opus
1049 1351 1113 1419 init
1130 1352 1174 1420 ad
1184 1352 1386 1421 ordinandas

384 1481 548 1568 cujusque
567 1479 708 1547 civitatis
723 1499 789 1559 rea,
814 1478 856 1547 ad
880 1478 1108 1546 conciliandos
1130 1477 1385 1548 advenientibus

384 1606 571 1694 priscorum
594 1603 780 1673 incolarum
802 1604 944 1685 animos,
962 1604 1005 1672 ad
1023 1603 1232 1693 vulgandum
1255 1624 1314 1694 per
1334 1609 1384 1673 to·

384 1708 458 1797 ium
477 1749 570 1797 mare
590 1730 692 1797 unius
713 1730 849 1819 linguae,
871 1728 1091 1818 ejusdemque
1120 1728 1249 1806 lonicae,
1272 1749 1382 1796 usum.

386 1857 564 1935 Homerus
574 1855 633 1943 qui
643 1855 749 1923 Delon
758 1854 787 1909 ⁴³>
799 1859 964 1923 memorat
975 1854 1182 1943 utbpollinis
1192 1854 1383 1931 sacrarium,

385 1979 566 2067 Cycladum
585 2001 710 2049 nomen
731 2001 801 2048 non
819 1980 926 2075 nouit,
949 1979 1040 2068 quod
1059 1979 1237 2047 recentiori
1256 1983 1386 2046 tantum

385 2109 481 2172 aetate
495 2105 615 2184 insulis
634 2104 777 2173 inditum
793 2111 854 2185 cst,
869 2126 975 2193 quum
986 2105 1057 2193 jam
1072 2101 1182 2170 foedus
1197 2102 1284 2170 inter
1298 2103 1385 2170 loni-

387 2249 442 2297 cas
460 2229 562 2297 urbes
579 2229 800 2297 constitutum
822 2228 1030 2296 invaluisset.
1054 2226 1309 2294 Homericorum
1327 2246 1386 2293 au-

387 2359 455 2422 tem
470 2354 687 2441 hymnorum,
702 2354 856 2443 quisquis
871 2353 944 2432 fuit,
958 2358 1073 2421 auctor
1083 2350 1113 2407 (⁴)
1127 2353 1298 2420 solemnes
1314 2352 1387 2419 illas
1459 2342 1460 2347 ¹

273 2472 284 2525 ἶ
386 2479 471 2548 vidit
488 2500 629 2570 pompas
648 2500 731 2567 quas
751 2481 850 2547 lones
869 2478 1083 2545 inhonorem
1097 2460 1248 2543 numinis
1266 2476 1319 2544 sui
1329 2476 1389 2543 du-

388 2605 517 2682 cebant.
547 2606 662 2698 Insula
679 2626 832 2694 qumque,
859 2624 1031 2671 sacrorum
1057 2603 1236 2692 particeps,
1258 2601 1410 2670 adoles‘

387 2734 500 2813 centes
514 2701 691 2818 utriusque
711 2750 812 2797 sexus
827 2748 867 2796 eo
887 2727 1051 2807 mittebat,
1068 2728 1127 2814 qui
1151 2732 1251 2794 cantu
1269 2732 1303 2794 et
1317 2747 1387 2793 car-

387 2852 537 2921 minibus
552 2853 669 2921 laudes
690 2852 744 2921 dei
756 2852 973 2920 celebrarent.
994 2852 1033 2917 ln
1047 2855 1138 2918 tanto
1147 2851 1233 2921 Asiae
1241 2849 1388 2918 Graecia-

387 2998 453 3066 que
472 2983 505 3046 ct
518 2978 622 3066 AEgaei
636 2978 740 3045 maris
750 2977 924 3045 civitatum
939 2955 1116 3054 concursu,
1135 2975 1285 3063 gymnici
1304 2974 1386 3053 ludi,

387 3103 523 3171 musicae
542 3099 796 3189 carminumque
811 3101 994 3170 certamina
1009 3101 1204 3189 agebantur.

432 3196 510 3294 Quae
524 3223 637 3286 autem
649 3218 757 3306 primo
774 3217 952 3285 duodecim
979 3216 1151 3285 civitatum
1165 3215 1229 3283 init
1238 3217 1387 3294 societas,

387 3363 478 3410 nunc
497 3342 611 3422 crevit,
628 3363 719 3409 nunc
733 3341 983 3429 imminutapro
998 3339 1207 3428 temporibus
1227 3345 1289 3418 est,
1306 3339 1389 3407 libe-

388 3479 490 3556 reque
507 3487 581 3535 sese
594 3467 650 3535 rel
664 3464 783 3533 foederi
797 3464 978 3543 addebant,
989 3464 1045 3531 uel
1060 3463 1254 3531 eximebant
1263 3462 1388 3552 insule.

389 3592 470 3662 Inde
491 3581 610 3681 parum
624 3591 836 3676 'conveniunt
855 3596 986 3657 veteres
1009 3594 1043 3657 et
1067 3587 1108 3655 de
1131 3593 1326 3668 numerosi
1351 3586 1391 3653 de

387 3716 582 3785 nominibus
594 3715 788 3803 Cycladum.
805 3714 1012 3782 Dicaearchus
1029 3713 1121 3780 enim
1134 3710 1185 3798 (fr.
1203 3711 1391 3801 1471111111]-

423 3970 461 4041 (l)
476 3970 614 4032 laconas,
630 3966 745 4036 Panoq.
755 3966 859 4019 Athen.

424 4060 462 4130 (2)
476 4058 668 4118 Baounsmmr,
685 4055 760 4120 Coos,
776 4055 822 4116 59,
838 4053 881 4107 61.

425 4148 463 4220 (3)
479 4146 640 4215 Odyss.,v1‚
658 4143 718 4197 162.

425 4236 464 4307 (4)
478 4234 562 4289 Hom.
578 4232 699 4302 Hymn„
716 4232 737 4293 1,
757 4230 816 4284 146.
833 4259 866 4273 -
881 4219 1017 4296 Tisaeae,
1032 4230 1079 4293 111,
1094 4229 1153 4285 104.
