3159 5150
790 507 977 612 .-roes-

399 718 472 769 uem
504 718 546 768 ex
571 700 787 788 amplissimis
820 696 965 778 ulvihus,
991 710 1105 765 rerum
1136 697 1260 785 potitus
1285 703 1337 764 est
1351 698 1394 776 ⁴¹),

395 818 493 904 cujus
531 814 812 903 impotentissime
838 814 1028 893 auotoritas
1065 813 1222 902 imposito
1254 813 1289 878 in
1322 833 1397 880 aree

397 940 564 1030 praesidio,
582 939 782 1006 ‘confirmata
809 945 871 1007 est.
897 940 997 1028 Juugi
1016 944 1132 1006 tamen
1145 938 1272 1005 foedere
1287 936 1399 1024 Cycla-

396 1064 458 1133 des
481 1081 598 1131 rursus
625 1068 818 1151 potuerunt,
849 1062 910 1131 sed
937 1063 1029 1151 qnod
1053 1062 1089 1128 in
1117 1058 1265 1151 speeiem
1293 1061 1394 1139 foret,

398 1206 507 1276 neque
528 1186 595 1254 illis
611 1186 700 1254 vires
714 1204 771 1254 eas
789 1186 886 1255 daret
899 1186 1116 1254 unde-metus
1128 1185 1253 1273 aliquis
1266 1185 1399 1254 vintori-

398 1313 462 1379 hus
474 1298 629 1378 oriretur.
652 1311 809 1387 Paestum
822 1311 993 1399 paulisper
1004 1312 1153 1398 AEgaeum
1167 1330 1258 1377 mare
1267 1309 1311 1388 (2),
1329 1328 1398 1376 non

390 1420 596 1513 ¹liberatum;
619 1453 729 1522 neque
744 1433 1254 1515 commiserunthaoedaemonii
1277 1439 1316 1501 ut
1337 1434 1396 1500 tri-

397 1559 530 1638 butum,
557 1558 650 1646 qnod
677 1558 919 1625 constituerant
938 1558 1172 1638 Athenienses
1189 1558 1397 1626 urbibusre-

397 1684 569 1751 mitterent
587 1707 595 1749 ι
611 1683 746 1770 quippe,
761 1687 918 1769 tanquam
931 1682 1046 1750 auxilii
1066 1683 1119 1750 sui
1135 1683 1293 1771 pretium,
1305 1683 1398 1751 mille

398 1807 556 1876 tolentes
572 1805 673 1873 soeiis
691 1811 886 1894 exegerunt,
897 1809 1020 1895 ,prater
1033 1822 1090 1874 eas
1111 1806 1271 1894 pecunias
1288 1825 1397 1894 quea

398 1930 563 2021 praefectis
589 1930 744 2017 privatim
773 1930 1067 2016 extorquebantur.
1086 1931 1179 1998 luno
1201 1929 1397 1998 meminisse

398 2054 462 2121 luit
482 2052 707 2160 acerbissime
725 2052 816 2120 illius
838 2053 1098 2122 Atheniensium
1114 2055 1158 2122 od
1182 2056 1298 2124 Melios
1323 2075 1396 2122 ora-

399 2178 510 2257 uons,
528 2202 546 2238 «
564 2177 610 2244 ru
627 2176 790 2244 sursera
812 2180 931 2244 natura
944 2179 1161 2246 consutum
1174 2178 1213 2247 ut
1237 2180 1396 2246 infimis-
1457 2158 1460 2165 ’

400 2295 505 2361 simus
533 2293 676 2380 quisque
690 2291 843 2360 validiori
854 2292 1015 2373 obediret,
1032 2300 1242 2382 mutaretque
1257 2296 1397 2363 fortasse

396 2418 585 2497 dominnm,
604 2418 727 2506 jugum
744 2423 857 2485 autem
876 2423 1048 2486 excuteret
1061 2440 1247 2507 nunquam.
1264 2410 1281 2481 »¹
1310 2496 1312 2499 v

444 2542 652 2630 Quamquam
673 2541 728 2610 vel
746 2561 786 2610 eo
805 2547 955 2631 tempore
975 2563 1044 2609 non
1065 2545 1202 2612 omnino
1223 2544 1326 2613 fresta
1348 2546 1397 2614 vis

282 2710 284 2714 «
398 2666 673 2743 Atheniensium
690 2686 768 2733 nam
783 2666 877 2735 brevi
895 2674 1056 2755 tyrannos
1070 2688 1089 2735 a
1103 2668 1274 2756 Lysandro
1288 2670 1396 2759 impo-

309 2813 312 2821 ·
384 2792 481 2858 sitos
493 2809 601 2878 quum
611 2789 829 2877 expulissent,
842 2788 954 2857 statim
969 2790 1148 2879 imperium
1155 2793 1284 2860 Gracia
1297 2793 1397 2860 totius

400 2933 516 2983 rursus
535 2913 782 3004 affectaverunt.
795 2916 844 2982 Ne
858 2919 971 2983 tamen
989 2913 1130 2985 fortune
1143 2918 1345 2986 mutationes
1358 2937 1396 2985 eo

402 3044 549 3126 tempora
559 3038 636 3126 plus
649 3057 745 3125 aequo
756 3038 929 3118 miremur,
946 3039 1053 3107 Persae
1063 3039 1230 3107 discordia
1243 3046 1395 3108 metuen-

396 3153 521 3220 dorum
542 3152 712 3241 quondam
730 3153 881 3221 hostium
907 3154 972 3233 usi,
992 3175 1074 3222 auro
1101 3160 1135 3223 et
1154 3155 1333 3243 stipendiis
1355 3155 1397 3224 ad

397 3277 574 3347 arbitrium
606 3287 706 3345 suum
724 3278 898 3347 victoriam
926 3279 961 3345 in
979 3279 1162 3348 alterutros
1179 3281 1393 3352 inclinabant.

401 3402 526 3488 Itaque,
543 3401 600 3468 vix
623 3406 739 3470 octavo
758 3409 834 3491 post
857 3408 986 3471 tantam
1012 3403 1143 3472 cladem
1155 3411 1256 3484 anno,
1272 3404 1397 3473 eaedem

365 3607 368 3616 .
396 3524 656 3593 Atheniensium
668 3526 769 3607 vires,
790 3546 865 3614 que
877 3527 982 3615 prius,
999 3528 1166 3596 exstitere.
1187 3529 1310 3596 Eorum
1330 3528 1397 3596 dux
1479 3562 1484 3571 ·

401 3650 526 3728 Conon,
560 3656 696 3739 accepta
717 3671 738 3718 a
756 3651 865 3719 Persis
883 3651 1000 3731 classe,
1022 3652 1343 3740 Peloponnesiorum
1363 3655 1396 3720 in

400 3774 485 3841 man
503 3773 614 3862 iugem
627 3775 819 3863 imperium,
843 3759 999 3844 onitas
1014 3776 1164 3858 nemis,
1180 3775 1280 3867 fregit
1294 3780 1393 3866 (sels

436 4003 474 4075 (l)
487 4003 629 4069 Xnnoen„
642 4007 748 4070 Anah,
763 4007 783 4067 Ι,
797 4004 823 4058 2.
839 4004 982 4059 Clearchus
991 4006 1112 4077 Byneutli
1125 4008 1286 4062 hamersten..

436 4092 474 4165 (2)
488 4092 619 4155 Dionen„
632 4108 688 4154 xrv,
701 4093 741 4147 12.

436 4179 474 4251 (3)
487 4179 616 4243 Dronons
626 4185 683 4246 hrt,
698 4179 741 4238 st.
752 4193 786 4220 ’ψ
797 4181 951 4269 vinnom„
963 4182 1001 4237 Iu
1009 4183 1135 4256 hoplites,
1147 4185 1243 4240 68270.
