3159 5150
809 593 947 648 ..50-

418 743 621 810 Memoratur
634 738 776 807 etiamst)
797 738 831 804 in
854 737 975 804 insulae
995 736 1121 824 campis
1137 738 1278 825 juncum
1303 755 1373 802 cre-

373 859 474 937 visse,
496 856 648 945 cypirum
668 853 864 943 gladiolum,
885 853 997 921 radice
1011 851 1165 930 bulbosa‚
1188 852 1285 941 cujus
1301 871 1373 918 ma·
1434 878 1439 888 ·

374 1003 462 1072 gnus
476 982 511 1048 in
525 979 692 1049 medicina
711 999 805 1046 usus.
823 978 967 1045 Duritias
985 977 1076 1047 enim
1098 977 1247 1065 corporis
1262 975 1373 1043 discu-

374 1106 477 1175 tiebat
486 1104 531 1183 (ἲ),
563 1103 709 1192 panique
741 1102 852 1170 etiam
874 1101 1043 1168 admixtus
1071 1099 1204 1190 pondus
1223 1106 1257 1167 et
1277 1118 1374 1189 sapo-

373 1251 446 1298 rem
464 1226 620 1297 addebat.
648 1227 725 1294 Post
748 1226 953 1305 Cretensem,
980 1226 1106 1293 Naxius
1125 1223 1376 1292 laudatissimus

375 1361 455 1434 erat,
474 1352 597 1421 deinde
611 1351 814 1421 Phoenicius.
843 1351 969 1418 Cretico
989 1349 1114 1418 candor
1129 1348 1374 1445 odorquevici-

374 1505 440 1552 nus
454 1483 572 1561 nardo,
589 1482 693 1549 Naxio
709 1482 827 1549 acrior.

419 1611 507 1678 Mare
526 1612 639 1676 autem
654 1605 772 1674 insula
786 1606 1029 1675 circumfusum
1042 1607 1146 1674 omni
1170 1626 1294 1694 genere
1312 1607 1376 1695 pis

375 1735 465 1807 cium
484 1731 691 1808 abundabat;
714 1731 855 1800 thurinis
871 1753 951 1801 uero
972 1731 1153 1821 capiendis
1169 1751 1305 1821 operam
1326 1752 1377 1799 ca·

375 1858 454 1926 dem
472 1844 735 1924 rationedabant
748 1857 856 1935 Naxii,
878 1876 945 1944 qua
968 1856 1172 1925 Eretrienses
1193 1877 1233 1925 ex
1254 1857 1378 1924 Euboea

375 1988 410 2050 et
423 1980 520 2049 Ponti
540 1980 657 2047 Euxini
676 1979 809 2057 accolae,
830 1980 1014 2069 peritiaque
1037 1980 1124 2048 inter
1137 1981 1264 2069 primos
1280 1980 1376 2047 inno-

375 2109 509 2174 tuerent
517 2101 563 2169 (³).

422 2229 475 2295 Eae
494 2227 566 2317 egri
589 2227 685 2294 Naxii
705 2228 883 2317 praecipuae
901 2228 995 2297 luere
1014 2249 1107 2318 opes,
1137 2249 1280 2317 quarum
1304 2206 1378 2318 pars

376 2353 479 2421 etiam
507 2351 609 2421 bodie
632 2373 702 2420 non
730 2352 957 2441 degeneravit.
979 2353 1087 2422 Mellis
1101 2354 1249 2443 optimus
1268 2374 1376 2444 sapor.

377 2483 535 2565 essetque
550 2478 669 2545 vinnm
682 2478 961 2567 Aperanthinum,
984 2478 1076 2567 quod
1090 2479 1276 2547 Baccheum
1290 2500 1378 2547 nun·

378 2608 531 2691 cupatur,
542 2602 631 2670 fama
642 2603 854 2683 celebratius
866 2604 896 2671 si
904 2604 1069 2693 exportari
1081 2587 1115 2672 ct
1128 2606 1291 2673 asservari
1301 2627 1378 2695 pos·

377 2734 428 2795 set
439 2751 447 2806 ;
466 2728 561 2795 mirae
580 2729 672 2796 enim
686 2727 896 2816 limpiditatis
910 2734 961 2797 est
981 2749 1020 2796 ac
1041 2730 1213 2797 suauitatis
1234 2731 1376 2805 eximie,

378 2850 438 2919 sed
451 2872 518 2940 quo
529 2857 628 2940 caput
641 2851 740 2919 citius
755 2857 924 2939 gravatur.
943 2854 1065 2920 Pecora
1078 2852 1377 2932 abundantissima,

378 2981 411 3043 et
425 2974 563 3042 maximi
583 2982 785 3063 proventus;
802 2975 888 3043 lanae
904 2976 1045 3044 subtiles
1060 2977 1208 3045 attextis
1223 2978 1379 3046 tenuissi-

377 3099 444 3167 mis
462 3104 555 3188 aptae.
573 3098 745 3168 Olivarum
763 3100 892 3188 species
911 3120 1012 3189 parva
1026 3099 1177 3187 quidem,
1195 3100 1302 3168 sedex
1316 3121 1382 3188 qua

378 3214 492 3284 oleum
524 3215 722 3305 exprimitur
751 3236 902 3283 crassum
931 3221 963 3284 et
991 3236 1125 3304 purum,
1158 3236 1268 3304 neque
1293 3216 1382 3284 soliti

379 3338 519 3428 saporis.
541 3339 627 3406 'lum
644 3339 820 3407 arboribus
843 3340 1043 3428 quesGraeci
1065 3340 1248 3427 antiquitus
1263 3347 1383 3408 norant

379 3483 477 3530 novae
490 3462 620 3543 additae,
635 3463 737 3531 aitrus
761 3470 795 3532 et
818 3468 935 3533 ceterae
954 3463 1108 3553 ejusdem
1128 3466 1274 3552 generis
1291 3465 1380 3533 foliis

379 3587 586 3676 floribusque
599 3589 895 3669 suaveolentibus,
913 3588 1078 3657 fructibus
1098 3590 1220 3669 aureis,
1237 3609 1381 3677 quorum

381 3691 523 3779 ducenta
537 3712 592 3781 vel
610 3718 756 3780 trecenta
770 3711 877 3780 millia
896 3713 1076 3801 quotannis
1104 3714 1381 3802 Constantinopo-

380 3825 452 3903 lim,
472 3827 671 3905 Salonicam,
689 3829 871 3920 Smyrnnm
884 3834 1110 3917 exportantur.

416 4046 453 4118 (l)
465 4048 555 4110 Pam,
567 4047 605 4103 Η.
618 4048 670 4114 Ν.,
684 4065 742 4111 xxi,
757 4051 802 4104 69.

414 4135 454 4205 (ἓ)
468 4135 613 4201 Dromon,
625 4151 661 4202 rr,
675 4135 720 4190 20.

415 4221 453 4292 (3)
468 4222 578 4290 AEmnn.
587 4224 624 4276 H.
641 4223 690 4290 N„
706 4239 752 4290 xv,
764 4225 791 4280 5.
