3159 5150
837 575 870 589 -
889 545 923 600 24
942 575 976 587 ..

404 709 583 777 moresque
597 710 714 770 vanos,
729 710 798 757 non
809 690 889 757 satis
899 708 1065 778 perpensa
1074 687 1280 766 auctoritato,
1295 707 1405 774 neque

404 836 440 883 re
453 819 636 905 perspecta,
655 814 753 882 nobis
767 813 995 891 transmisere,
1013 833 1120 901 quum
1136 833 1196 901 pro
1211 810 1404 899 imperfecto

403 958 442 1006 ac
465 937 541 1005 rudi
563 938 693 1005 colosso
715 938 751 1004 irr
775 935 963 1026 lapicidinis
982 936 1125 1023 jacente,
1152 938 1295 1001 statuam
1316 955 1403 1002 mar-

403 1081 552 1128 moream
576 1061 810 1150 templumque
843 1060 1073 1148 magnificum,
1100 1058 1136 1124 in
1167 1080 1234 1146 quo
1260 1058 1402 1137 sederet,

344 1206 345 1209 ’
403 1190 592 1254 erexerunt.
615 1184 802 1252 Audiamus
821 1184 914 1252 enim
932 1184 1030 1250 illum
1045 1181 1324 1261 Buondelmonte,
1349 1182 1405 1270 qui

403 1308 533 1377 decimo
549 1308 694 1398 septimo
709 1308 823 1376 seculo
842 1309 993 1396 AEgaeum
1008 1326 1099 1374 mare
1121 1307 1335 1395 perlustravit
1349 1305 1379 1359 (¹)
1395 1331 1402 1373 :

405 1460 421 1494 «
446 1434 557 1510 Quum
571 1432 615 1535 ad
634 1432 813 1500 occiduum
827 1431 979 1510 verteris
1003 1431 1169 1519 templum
1189 1432 1405 1518 magnificum

402 1556 604 1645 erigebatur,
638 1557 764 1644 inquo
798 1560 907 1623 statua
934 1555 1098 1643 Apollinis
1123 1554 1359 1641 consurgebat.
1388 1581 1403 1616 »

403 1681 562 1748 Piacenza
584 1680 702 1749 eadem
723 1685 889 1748 memorat
915 1700 1004 1747 anno
1023 1679 1117 1758 1688,
1135 1678 1253 1747 eadem
1273 1685 1306 1746 et
1324 1680 1406 1767 Dap

402 1825 462 1895 per
481 1825 568 1873 anno
598 1801 692 1873 1702.
715 1805 914 1873 Tournetort
930 1806 967 1891 (Ι,
995 1804 1069 1891 alo)
1096 1803 1315 1893 conjicithoc
1333 1824 1406 1872 esse

402 1932 567 2020 templum
589 1931 681 2020 quod
699 1931 924 2000 Athenienses
948 1930 1095 2018 Apollini
1116 1928 1358 1997 dedicaverunt
1372 1904 1405 1996 in

403 2077 442 2126 ea
468 2057 587 2125 insulae
605 2063 698 2147 parte
718 2078 795 2146 quaa
815 2057 896 2125 Delo
918 2056 1109 2145 opponitur.
1128 2056 1226 2123 Nulla
1240 2061 1354 2123 autem
1372 2056 1405 2120 in

403 2181 551 2249 historiis
571 2181 688 2270 templi
707 2182 810 2271 hujus
830 2183 869 2248 fit
887 2181 1028 2261 mentio,
1046 2186 1089 2260 et,
1101 2181 1130 2248 si
1145 2180 1226 2268 quid
1241 2180 1351 2248 simile
1365 2179 1406 2246 ab

402 2305 664 2373 Atheniensibus
690 2305 816 2373 factum
844 2312 906 2386 est,
933 2305 1004 2374 veri
1028 2305 1173 2372 similius
1193 2305 1258 2371 hoc
1281 2305 1312 2373 ei
1334 2305 1405 2372 loco

403 2428 645 2515 assignandum
676 2433 727 2496 est
754 2450 858 2518 quem
887 2433 1000 2525 Delion
1023 2434 1120 2496 vocat
1147 2428 1345 2496 Plutarchus
1364 2427 1403 2505 (²l,

403 2568 574 2638 quomque
609 2549 685 2618 urbi
718 2550 910 2640 propiorem
942 2548 1077 2617 indicat.
1107 2547 1253 2618 Audacia
1295 2553 1426 2617 autem
1496 2609 1498 2613 ,

403 2694 454 2753 ea,
475 2694 550 2761 quae
570 2695 639 2744 non
653 2673 749 2756 vidit,
769 2674 986 2764 depingendi,
1003 2675 1109 2743 vineit
1127 2694 1246 2743 omnes
1263 2668 1351 2742 Pash
1365 2673 1407 2742 de

404 2800 541 2880 Kriene,
559 2799 622 2888 qui
642 2801 788 2867 insulam
811 2820 900 2868 anno
924 2800 1003 2867 1771
1021 2801 1220 2889 peragravit.
1243 2800 1307 2869 Sed
1329 2821 1406 2868 eum

241 2953 248 2962 ’
361 2964 363 2967 <
403 2922 519 2990 multis
556 2922 598 2991 de
632 2923 734 2991 rebus
765 2923 865 2992 credo
899 2924 1024 3013 hospiti
1053 2945 1128 3004 suo,
1164 2925 1250 2992 Patri
1279 2924 1406 3013 Ignatio

404 3045 543 3126 Liohtle,
573 3046 787 3134 potiusquam
821 3048 927 3115 oculis
960 3048 1030 3116 suis
1056 3048 1161 3116 fidem
1193 3048 1404 3126 adhibuisse;
1524 3125 1528 3133 .

381 3155 516 3260 ¹ipsum
543 3189 623 3238 vero
648 3170 744 3238 illum
770 3171 876 3240 multa
896 3173 950 3241 vel
973 3193 1013 3240 ex
1046 3172 1244 3250 incolarum,
1279 3173 1333 3240 vel
1366 3193 1407 3241 ex

403 3294 555 3382 magistri
578 3293 649 3374 sui,
676 3295 710 3362 P.
740 3296 877 3386 Saugor,
906 3297 1029 3366 fabulis
1052 3299 1197 3387 benigne
1225 3299 1404 3388 accepisse,

353 3435 355 3440 ·
402 3440 548 3508 quorum
567 3441 637 3488 non
656 3420 727 3509 ipse
751 3422 927 3491 veritatem
953 3429 1113 3514 expertus
1132 3432 1232 3493 esset.
1257 3423 1406 3490 Primum
1523 3493 1527 3501 ,

356 3587 360 3640 ,²
403 3545 495 3615 enim
523 3550 673 3613 narrator
694 3551 810 3615 noster
833 3548 977 3615 Naxium
1002 3549 1099 3616 illum
1132 3549 1302 3616 colossum
1329 3568 1406 3614 cum

403 3669 535 3738 Deliaco
555 3669 612 3737 illo
634 3667 738 3737 altero
764 3671 895 3750 miscet,
928 3693 1036 3759 quum
1065 3671 1138 3740 Deli
1161 3677 1327 3760 repertam
1354 3673 1406 3737 in-

290 3809 295 3828 *
404 3799 618 3889 scriptionem
638 3798 744 3867 Naxio
767 3799 860 3888 operi
880 3799 965 3867 falso
990 3798 1159 3876 attribuat,
1183 3796 1276 3885 quod
1297 3798 1408 3865 nullas

439 4093 476 4167 (l)
489 4093 577 4147 Liber
590 4095 773 4161 loculorum,
788 4111 904 4165 xxxvul,
920 4115 944 4170 p.
963 4097 1006 4150 97.

439 4182 477 4254 (2)
490 4182 610 4242 Mulier.
626 4184 742 4249 virtut,
754 4181 796 4236 17.
