3159 5150
605 616 643 678 ..⁴
657 636 692 690 83
711 665 745 679 ..

173 791 290 840 versus
311 772 426 840 omnia
449 774 634 842 eminentia
662 774 751 843 male
775 773 1042 853 accommodata,
1061 774 1179 865 longat-

172 918 237 985 que
257 899 418 967 servitute
440 899 540 979 fessa,
571 907 604 968 et
627 905 822 990 promptum
841 901 872 970 ei
897 901 1056 969 offerebat
1073 903 1179 991 impe-

173 1022 271 1100 rium,
303 1022 332 1088 si
360 1023 437 1110 quis
451 1023 560 1112 ipsam
579 1025 613 1091 in
633 1024 823 1093 libertatem
842 1024 1037 1106 vindicaret,
1061 1027 1180 1095 collec-

173 1150 310 1235 tamque
334 1148 368 1213 in
391 1146 549 1216 dominos
577 1150 659 1216 iram
693 1150 827 1217 satiaret
843 1149 894 1216 (¹).
926 1151 1000 1217 Non
1029 1151 1178 1232 defuere,

173 1273 273 1339 etiam
293 1273 380 1341 inter
395 1275 584 1363 optimates,
615 1276 672 1363 qui
700 1295 760 1363 per
777 1275 999 1344 ambitionem
1018 1276 1082 1345 hoc
1102 1298 1178 1344 mu-

173 1419 237 1465 nus
253 1401 475 1488 susciperent,
498 1422 639 1490 seseque
663 1400 783 1482 studiis
799 1402 1014 1490 popularium
1030 1401 1073 1470 ad
1087 1376 1181 1470 sum-

174 1542 264 1589 mam
289 1529 487 1611 potestatem
515 1525 726 1594 extollerent.
754 1525 879 1593 Eadem
907 1531 1021 1607 aetate,
1054 1527 1181 1596 eisdem

174 1672 277 1750 prope
293 1653 403 1733 annis,
421 1660 538 1742 quarto
562 1655 687 1722 scilicet
706 1660 783 1722 ante
803 1654 972 1721 Christum
992 1661 1109 1723 natum
1128 1677 1181 1724 se-

174 1775 262 1857 culo,
272 1778 483 1845 Pisistratum
490 1778 640 1857 Athenae,
653 1778 863 1865 Polycratem
874 1779 1002 1858 Samos,
1012 1780 1183 1847 Histiaeum
1202 1819 1204 1822 -

175 1902 320 1982 Miletus,
350 1904 539 1970 Mausolum
568 1903 834 1981 Halicarnassus
862 1904 973 1970 Naxos
997 1903 1183 1992 Lygdamin

171 2032 335 2112 ¹tprannos
356 2047 503 2110 sensere.

219 2155 280 2221 llle
289 2153 333 2234 (Ξ),
347 2159 384 2221 ut
400 2154 464 2222 sibi
478 2175 497 2223 e
512 2156 697 2243 longinquo
708 2155 798 2223 viam
809 2156 851 2222 ad
862 2155 1076 2243 tyrannidem
1088 2175 1184 2221 occu·

176 2276 322 2367 pandam
336 2270 564 2366 praemuniret,
581 2278 763 2344 amicitiam
783 2300 860 2345 cum
871 2278 1068 2348 Atheniensi
1082 2279 1184 2345 Pisis-

176 2409 259 2471 trato
279 2405 502 2472 arctissimam
523 2406 753 2494 conjunxerat,
775 2405 926 2493 arcisque
949 2426 1009 2494 per
1030 2404 1184 2472 fraudem

176 2528 379 2617 occupanda
404 2528 491 2597 iuter
519 2536 672 2599 auctores
695 2527 814 2596 luerat.
845 2528 955 2605 Quum
983 2530 1082 2618 igitur
1107 2528 1183 2618 pul-

177 2674 235 2720 sus
259 2653 383 2720 iterum
407 2673 426 2720 a
444 2652 551 2743 patria
569 2653 643 2732 iste,
661 2651 703 2719 ad
724 2652 944 2741 reparandam
971 2658 1181 2743 potestatem,
1203 2661 1206 2668 '

176 2778 360 2844 exercitum
381 2777 531 2865 undique
549 2777 655 2866 pretio
675 2776 851 2857 contraxit,
876 2777 982 2845 adfuit
1005 2778 1092 2845 inter
1115 2778 1183 2867 pri-

177 2922 251 2968 mos
266 2901 448 2990 Lygdamis
458 2922 536 2969 cum
550 2901 644 2969 fideli
659 2902 844 2968 amicorum
858 2922 973 2981 manu,
986 2901 1185 2990 plurimum-

70 3093 73 3098 .
176 3047 242 3114 que
258 3027 404 3095 victoriae
418 3029 491 3117 ejus
512 3028 666 3095 contulit.
691 3028 792 3116 Cujus
815 3027 916 3105 officii
935 3028 1088 3115 meritam
1105 3048 1184 3095 mox

177 3154 330 3241 rependit
348 3154 541 3222 mercedem
561 3154 753 3221 Pisistratus
772 3154 861 3221 :cito
877 3153 969 3220 enim
993 3154 1057 3242 ipsi
1076 3153 1186 3221 oblata

125 3256 128 3261 ¹
177 3275 239 3343 luit
249 3277 490 3344 occasi0.luter
500 3298 558 3345 eos
569 3277 626 3364 qui
638 3297 678 3344 ex
689 3276 865 3365 plebecula
875 3297 913 3344 ac
922 3281 1114 3366 paupertate
1124 3298 1186 3343 uu-

178 3419 237 3488 per
247 3399 290 3467 ad
304 3401 549 3490 amplissimam
566 3400 736 3468 fortunam
747 3401 866 3480 evecti,
878 3407 1030 3469 veterum
1042 3401 1184 3490 optima-

179 3525 374 3593 tumodium
386 3526 420 3592 in
429 3545 465 3593 se
473 3525 1182 3614 converterant,eratTelestagorasquidam.

180 3652 240 3719 Hic
254 3652 324 3718 ruri
338 3651 493 3740 degebat,
511 3652 545 3718 in
567 3651 690 3741 praedio
716 3672 788 3731 suu,
816 3650 1016 3738 Lysiadibus
1040 3650 1126 3718 dicto
1139 3650 1182 3729 (³),
1294 3669 1300 3680 ’

180 3775 293 3842 relicta
316 3775 351 3840 in
375 3774 459 3843 urbe
481 3796 604 3863 magua
619 3777 672 3843 sui
696 3776 786 3843 fama
804 3780 845 3841 'et
871 3774 1006 3841 caritate
1021 3754 1192 3870 apud‘pof

180 3898 324 3984 putares.
348 3898 393 3964 Eo
413 3898 505 3965 enirn
529 3897 703 3965 fruebatur
721 3893 846 3975 favore,
869 3901 917 3976 ut,
942 3897 970 3963 si
989 3896 1071 3984 quid
1086 3917 1184 3964 cons-

215 4091 251 4160 (l)
267 4093 409 4157 Arusror„
423 4078 526 4156 Pota,
540 4092 574 4156 V,
589 4091 616 4144 5.

216 4183 253 4253 (a)
268 4184 388 4248 utnon,
408 4181 433 4244 r,
446 4182 490 4235 cr.
684 4180 686 4185 ’

216 4271 252 4342 (3)
269 4274 409 4336 Ammo
424 4264 530 4341 Ναξίων
545 4270 681 4344 πολιτεία,
697 4272 724 4325 2.
