3159 5150
834 527 989 583 elli-„-

412 686 527 741 earum
545 666 720 742 historiam
738 669 971 749 conscribenti,
988 655 1177 759 preteritas
1189 671 1406 750 calamitates,

410 809 471 877 per
491 790 586 861 mille
605 795 639 859 et
656 791 859 879 quingentos
872 812 979 869 annos
993 793 1201 871 obversetur.

454 914 525 992 Quo
539 921 689 1005 tempore
703 916 884 1006 imperium
903 919 937 984 in
953 918 1036 986 duas
1059 924 1169 1008 partes
1182 919 1329 995 divisum
1343 927 1406 1000 est,

405 1037 580 1126 Cyclades
611 1043 771 1128 tanquam
795 1061 871 1129 pars
892 1041 1005 1129 aliqua
1031 1043 1175 1124 Graeciae,
1197 1044 1240 1112 ad
1267 1045 1409 1117 Orientis

409 1163 589 1251 imperium
611 1182 793 1251 accessere.
825 1164 887 1237 Eas
916 1163 1039 1241 deinde
1060 1167 1295 1249 Constantinus
1317 1167 1406 1254 (337)

408 1287 611 1368 Constantio,
644 1287 715 1357 filio
742 1308 816 1372 suo,
843 1287 955 1369 dedit:
980 1294 1096 1377 postea
1119 1291 1280 1365 Constans
1304 1290 1405 1378 (340),

408 1411 467 1483 ubi
486 1411 659 1499 prefectos
678 1413 812 1491 creavit,
831 1412 889 1499 qui
910 1431 1023 1480 rerum
1046 1413 1140 1491 oneri
1163 1433 1278 1489 secum
1290 1433 1406 1483 succe·

403 1534 536 1616 rlerent,
558 1556 614 1607 eas
637 1536 999 1625 ‚Constantinopolitano
1023 1536 1177 1625 praefecto
1206 1558 1322 1626 parere
1336 1539 1408 1627 jus

406 1662 462 1731 sit.
487 1660 706 1731 Contentione
729 1665 855 1743 autem,
877 1681 952 1748 quae
979 1661 1066 1728 inter
1077 1660 1290 1731 Orthodoxos
1317 1662 1407 1733 Aria-

407 1804 536 1872 nosque
551 1788 707 1863 ortaest,
729 1784 831 1852 etiem
853 1785 972 1853 insulae
994 1789 1170 1853 commotae
1195 1790 1292 1865 sunt;
1312 1785 1408 1853 missi

406 1910 523 1977 Naxon
537 1907 671 1977 exsules
684 1906 728 1975 ab
746 1909 878 1976 Arianis
891 1909 1159 1998 imperatoribus,
1177 1909 1279 1997 inque
1295 1910 1406 1979 vinem

407 2032 494 2119 (378)
523 2034 664 2103 Arianus
687 2020 863 2120 quideme
883 2033 1043 2114 Modesto
1073 2033 1406 2123 Constantinopoleos

406 2157 616 2246 praefectot1).
642 2156 680 2227 ld
704 2162 818 2226 autem
846 2159 1010 2226 Eunomio
1040 2158 1279 2248 objectabatur,
1309 2157 1403 2246 quod

406 2264 583 2364 Procopio,
620 2274 781 2343 adversus
818 2274 993 2343 Valentem
1025 2276 1262 2364 imperatorem
1291 2273 1401 2345 rebel-

407 2400 501 2483 lanti,
523 2399 707 2489 hospitium
725 2398 934 2487 praebuisset.
950 2401 1029 2488 Ejus
1047 2400 1110 2468 viri
1122 2399 1317 2477 auctoritate
1339 2398 1405 2466 for·

401 2528 493 2602 tasse
512 2523 743 2611 hereticorum
766 2524 801 2592 in
819 2523 930 2594 insula
947 2529 1058 2614 partes
1076 2529 1180 2592 aucta
1201 2523 1322 2606 forent,
1339 2522 1405 2590 nisi

404 2647 440 2728 ip
458 2647 570 2716 aulam
597 2654 686 2718 esset
712 2648 808 2724 brevi
826 2653 1012 2717 revocatus.
1031 2648 1157 2736 Itaque,
1175 2647 1404 2735 sublatisque

399 2773 471 2861 jam
501 2771 692 2839 oriebantur
719 2771 913 2852 discordiis,
943 2792 1060 2860 pacem
1083 2772 1223 2840 eeclesia
1250 2771 1400 2841 retinnit.

446 2894 584 2963 Duobus
603 2901 679 2963 ante
694 2895 793 2963 annis
819 2895 892 2963 fieri
912 2895 1105 2983 inceperant
1125 2894 1345 2970 barbarorum
1366 2896 1401 2966 in

402 3018 554 3106 AEgaeum
566 3037 658 3086 mare
677 3018 885 3087 incursiones
891 3017 991 3104 (376).
1004 3017 1102 3086 Gothi
1117 3018 1219 3097 enim,
1229 3017 1353 3105 quibus
1367 3018 1402 3085 in

402 3132 654 3221 septentrionali
672 3153 730 3200 ora
755 3133 863 3223 Caspii
885 3131 987 3199 maris
1010 3131 1120 3212 sedes
1141 3152 1202 3227 per
1226 3132 1400 3220 Proponti-

404 3265 532 3336 demet
554 3268 705 3356 AEgaeum
732 3268 915 3357 irruptione
942 3266 1039 3350 facta,
1061 3266 1208 3356 predam
1227 3267 1400 3355 ingentem

403 3391 581 3460 abstulere.
599 3391 709 3468 Quum
727 3412 808 3461 vero
827 3393 967 3494 exiguos
985 3392 1169 3481 piratarum
1182 3391 1313 3461 lembos
1331 3391 1400 3460 dis-

255 3589 260 3599 ,
398 3514 502 3602 iicere
530 3514 646 3582 classis
673 3514 888 3603 imperatoria
915 3515 1011 3584 facile
1030 3515 1205 3606 potuisset,
1221 3519 1313 3594 tanta
1332 3522 1401 3599 ciat

401 3637 605 3727 perturbatio
615 3657 729 3705 rerum
747 3644 797 3718 ut,
814 3637 1049 3728 ingruentibus
1064 3636 1215 3725 undique
1228 3638 1398 3728 periculis,

401 3751 607 3850 trepidarent
634 3762 819 3829 corruentis
847 3762 980 3852 imperii
1007 3767 1162 3847 rectores,
1184 3780 1295 3851 neque
1323 3762 1401 3832 satis

401 3885 592 3954 invenirent
614 3905 681 3973 qua
708 3885 835 3953 ratione
856 3891 906 3954 tot
924 3885 1078 3954 hostibus
1091 3886 1311 3954 resisteretur.
1326 3887 1399 3954 Mox

437 4163 473 4234 (1)
488 4163 613 4215 numm.
627 4163 782 4230 1111111111,
795 4179 871 4229 xxvi,
885 4165 912 4218 8.
928 4191 963 4203 -
974 4161 1083 4227 Zoana,
1098 4175 1135 4216 rv.
1150 4191 1184 4205 -
1201 4161 1346 4228 1111111111,
1361 4175 1396 4214 rr.
