3159 5150
642 594 780 649 ..ῃ-

117 722 121 731 ’
206 764 294 820 meo,
323 740 571 817 »derivatum
607 744 640 806 et
671 737 795 804 vallem
828 760 845 795 «
865 742 1029 821 τρυμαλίαν,
1057 760 1074 795 »
1101 731 1136 798 id
1161 735 1211 798 est

210 895 225 932 (ι
243 872 392 964 cavatam
405 867 568 933 foramine
583 893 600 927 a
623 868 850 952 nuncupatam
865 880 952 938 esse,
970 860 1080 926 littera
1097 868 1119 924 T
1134 862 1211 928 ante

208 964 371 1082 liquidam
396 992 426 1059 ‘P
444 993 478 1058 in
495 991 692 1058 debiliorem
712 999 734 1057 Δ
754 991 985 1056 transmutata.
1013 987 1132 1051 Nonne
1151 1002 1211 1049 au·
1237 970 1241 983 ’

196 1126 276 1186 'tem
315 1118 428 1185 terius
458 1120 509 1184 est
541 1115 746 1203 Drymaliam
778 1135 798 1181 a
834 1112 1027 1202 quercubus
1059 1112 1212 1178 vocatam
1284 1148 1287 1153 -

207 1243 323 1320 fnisse,
340 1241 464 1329 quibus
487 1242 572 1308 inter
595 1259 714 1306 omnes
733 1240 827 1317 alias,
856 1257 924 1304 non
947 1236 1065 1302 insulae
1087 1233 1210 1309 solum,

208 1366 268 1434 sed
295 1367 425 1434 Graecia
450 1366 556 1434 valles
586 1364 791 1433 feracissima
824 1368 896 1431 est?
924 1362 1072 1438 Quercus
1099 1361 1212 1425 autem

208 1501 314 1570 graece
329 1489 391 1569 δρὺς
406 1481 539 1550 dicitnr.

252 1604 349 1672 Haud
363 1626 436 1674 rare
452 1605 486 1671 in
500 1625 665 1694 pagorum
687 1581 778 1673 casis
793 1623 1001 1672 marmorum
1024 1598 1211 1686 antiquitus
1260 1608 1263 1615 ⁴

210 1730 392 1818 politorum
417 1729 605 1817 fragmenta
632 1736 822 1797 occurrunt.
851 1729 944 1795 Tune
971 1745 1074 1815 prope
1094 1726 1211 1789 Acadi-

206 1875 357 1919 mooscaa
381 1859 538 1922 excavata
557 1847 654 1930 sunt‚'
670 1873 796 1941 paucos
819 1858 896 1919 ante
920 1871 1039 1929 annos,
1058 1847 1213 1936 sepulcra

209 1976 393 2054 bellomon,
424 1983 523 2063 atque
551 1977 585 2041 in
608 1977 656 2044 eis
681 1976 860 2043 simulacra
880 1996 982 2064 parva
1010 1994 1053 2041 ex
1079 1970 1209 2060 lapide,

208 2100 332 2189 quibus
351 2101 444 2168 nulla
463 2101 526 2168 alia
545 2100 668 2168 similia
685 2100 727 2166 lo,
750 2102 835 2168 latas
849 2100 908 2167 tibi
929 2099 1045 2168 ridere
1070 2097 1213 2165 videaris

208 2246 315 2314 pupas
329 2226 452 2312 quibus
467 2227 562 2313 pueri
581 2226 769 2314 puellaeque
784 2225 942 2294 delectari
957 2225 1088 2292 solent:
1106 2242 1213 2289 unum

209 2349 266 2416 vix
281 2348 403 2438 pedem
421 2349 533 2437 longa,
551 2371 677 2439 corpus
692 2350 843 2438 pla-num,
865 2369 935 2416 non
948 2347 1132 2415 rotundum
1152 2346 1212 2412 ha-

209 2473 301 2552 bent,
326 2494 422 2541 crura
434 2473 604 2561 rigidiora,
629 2475 701 2542 sine
715 2475 886 2549 articulis;
913 2494 973 2562 pro
993 2471 1136 2562 pedibus
1151 2471 1212 2538 ali-

208 2598 289 2687 quid
313 2599 457 2667 informa
479 2620 517 2667 ac
539 2601 778 2690 proeminenS,
803 2621 863 2688 pro
888 2619 970 2667 naso
995 2599 1110 2666 nescio
1129 2595 1213 2684 qnid

208 2724 413 2812 triangulare
428 2745 447 2792 e
461 2726 545 2792 lacie
564 2731 710 2795 exstans.
737 2726 842 2813 Caput
856 2725 1035 2814 in-apicem
1052 2722 1212 2791 termina·

208 2854 281 2927 tur,
310 2868 349 2916 ac
370 2848 440 2916 lere
466 2848 640 2916 dimidia-m
664 2849 766 2915 totius
788 2849 938 2938 corporis
956 2854 1086 2937 partem
1105 2850 1209 2914 tenet.
1282 2927 1284 2931 Ι

209 2973 310 3061 Cujus
336 2972 406 3039 haec
428 2973 508 3039 artis
531 2972 673 3060 vestigia
701 2977 807 3039 sunt?
833 2973 961 3049 Quibus
988 2970 1214 3061 sculptoribus

210 3098 278 3177 illa,
300 3099 397 3185 quasi
415 3098 536 3186 puerili
555 3118 660 3165 manu
679 3098 865 3176 elaborata,
888 3098 1072 3166 attribuas?
1092 3099 1213 3164 Remo·

210 3229 293 3291 tane
312 3225 514 3312 antiquitati,
531 3230 711 3312 antequam
727 3230 815 3293 artes
837 3225 1020 3312 litteraque
1039 3224 1074 3289 in
1090 3222 1215 3290 Graecia

210 3349 329 3417 llorere
348 3351 521 3439 coeperint,
543 3371 587 3418 an
602 3351 681 3419 huie
700 3351 787 3420 aetati
805 3349 1019 3437 assignanda,
1037 3353 1215 3437 postquam

211 3476 405 3543 invaserunt
416 3478 487 3565 jam
501 3498 659 3566 magnam
674 3475 858 3545 occidentis
873 3480 1001 3564 partem
1021 3473 1212 3551 orientales

210 3602 376 3690 praecipue
404 3604 605 3692 AEgyptiacae
643 3602 848 3690 religiones?
882 3600 1041 3668 Referunt
1077 3598 1213 3687 quidem

209 3723 261 3793 hae
285 3731 419 3805 statua,
450 3749 528 3795 oum
542 3728 655 3815 longis
678 3727 843 3815 capitibus
857 3746 896 3794 ac
917 3726 1070 3793 cruribus
1086 3724 1215 3813 junctis

209 3849 499 3937 AEgyptiaoorum·
532 3852 765 3939 sepulcrorum
802 3849 924 3917 fictiles
960 3846 1211 3936 imagunculas,

210 3964 297 4042 elat'o
312 3976 429 4064 capitis
448 3976 596 4063 tegmine
616 3981 760 4055 ornatas
780 3980 935 4062 statuque
954 3971 1119 4040 immobili
1139 3971 1216 4057 rigi-

247 4240 285 4314 (l)
300 4243 431 4304 Fleowa,
445 4243 494 4313 Op.
508 4244 567 4308 cit,
581 4242 682 4308 Naxos,
699 4241 732 4307 ll,
749 4243 786 4310 pL
802 4240 829 4295 2.
