3159 5150
605 556 790 652 -ro-'

219 745 264 812 Eo
279 742 436 833 potentiae
445 748 601 831 provecta
615 743 728 809 Naxos
742 741 886 810 navibus
902 740 944 807 ad
955 742 1180 830 protegendas

176 870 415 960 augendaeque
443 890 524 957 opes
559 868 741 956 indigebat.
768 869 859 935 Nulli
887 874 999 936 autem
1026 872 1121 938 erant
1146 872 1180 937 iu

177 994 288 1076 insula
310 999 438 1083 portus.
460 992 499 1058 ln
520 993 742 1081 propinquam
766 993 867 1080 igitur
881 994 987 1060 Paron
1009 997 1181 1084 conjecere

116 1106 117 1109 ¹
178 1118 306 1197 oculos,
323 1138 398 1206 quae
415 1122 551 1205 portum
570 1115 695 1205 praehet
719 1116 771 1184 uel
791 1117 915 1185 nostris
929 1119 1066 1186 uaviunr
1081 1121 1181 1186 moli-

177 1244 240 1312 bus
255 1245 489 1323 sufficientem,
511 1264 653 1332 eamque
673 1244 824 1311 insuam
849 1244 1013 1313 ditionem
1030 1246 1182 1335 redigere

177 1368 327 1456 aggressi
352 1372 430 1435 sunt
452 1368 559 1435 Naxii.
577 1370 707 1437 Bellum
727 1391 797 1438 uon
822 1391 889 1438 unc
918 1370 1031 1458 praelio
1048 1371 1182 1439 confec-

178 1498 262 1572 tum,
299 1492 557 1561 incendentibus
586 1494 758 1562 Pariorum
787 1495 919 1563 animos
946 1495 1137 1563 Archilochi
1151 1494 1182 1550 (¹)

179 1617 394 1696 carminibus,
417 1618 555 1707 ipsoque
571 1623 669 1707 poeta
682 1619 840 1686 virtutem
856 1639 925 1685 nou
940 1639 1074 1708 semper
1089 1627 1187 1687 antea

181 1742 349 1820 usitatam,
385 1741 646 1830 exemplumque
677 1744 852 1830 egregium
881 1764 948 1831 prae
977 1763 1013 1811 se
1044 1743 1183 1811 ferente.

181 1865 332 1932 Tandem
347 1864 505 1932 occubuit
516 1864 749 1945 Archilochus,
762 1866 859 1953 Naxii
869 1865 1043 1954 cujusdam
1061 1867 1186 1934 Kalon-

182 1990 232 2058 dae
250 2011 365 2071 manu,
383 1991 436 2057 cui
456 2011 643 2078 cognomen
654 1991 757 2057 Corax
772 1996 843 2058 erat
860 1989 904 2055 (ἓ).
923 1991 1018 2058 Ultus
1034 1997 1085 2058 est
1099 1993 1188 2059 Deus

184 2115 367 2183 sacerdotis
383 2116 435 2182 sui
450 2117 688 2203 Musarumque
702 2115 831 2182 alumni
853 2135 983 2213 necem,
1002 2123 1034 2183 et
1049 2123 1189 2183 rexatus

185 2224 335 2305 numinis
356 2238 718 2321 vindictaKalondas,
740 2239 895 2325 Pythiam
924 2239 989 2306 sihi
1012 2240 1189 2306 conciliare

185 2364 334 2442 tentavit,
355 2382 521 2430 excusans
537 2383 573 2430 se
597 2383 666 2429 non
682 2363 854 2430 innocenti
869 2369 1013 2431 mortem
1021 2364 1186 2439 intulisse,

185 2486 245 2554 sed
259 2488 328 2554 vim
343 2487 387 2565 vi,
407 2487 493 2555 inter
514 2460 746 2576 pugnandum,
765 2487 930 2576 repulisse
946 2487 990 2553 (³),
1012 2488 1190 2555 Nihilomi-

185 2631 250 2678 nus
265 2617 404 2682 coactus
419 2610 483 2679 fuit
492 2612 623 2701 piacula
640 2610 844 2700 inferiasque
854 2612 1012 2680 manihns
1027 2614 1191 2681 interiecti

187 2736 293 2804 hostis
317 2736 451 2816 offerre,
475 2743 508 2804 et
526 2742 686 2824 tauquam
703 2737 798 2805 heroi
816 2738 923 2805 litare.
941 2740 1038 2805 Anno
1062 2738 1193 2804 circiter

187 2867 263 2929 ante
282 2860 448 2928 Christum
473 2866 590 2928 natum
611 2861 687 2938 655,
711 2862 811 2928 Paros
831 2863 1014 2929 Naxiorum
1037 2864 1071 2930 iu
1092 2861 1192 2929 ditio-

189 3007 267 3054 nem
284 2987 459 3053 concessit.

230 3111 339 3178 Paulo
358 3118 444 3200 post,
462 3112 582 3181 eadem
597 3118 629 3180 et
647 3111 751 3179 Andri
767 3132 839 3179 sors
854 3111 929 3189 fuit·
946 3112 1043 3200 cujus
1062 3131 1193 3179 emon-

190 3236 280 3302 tihus
306 3234 443 3304 devecta
461 3237 554 3324 ligna
582 3236 624 3304 ad
653 3235 856 3304 extruendas
875 3256 978 3303 naves
993 3236 1191 3303 necessaria.
1263 3283 1274 3303 .

190 3362 268 3427 Haec
282 3360 346 3427 fuit
372 3358 553 3447 Cycladum
568 3361 664 3449 quasi
683 3380 783 3428 aurea
806 3366 899 3437 aetas;
926 3379 1033 3446 quum
1055 3357 1197 3446 singular

191 3486 242 3551 vel
264 3484 442 3552 metallise
462 3490 557 3553 terrae
576 3485 762 3553 visceribus
777 3483 1012 3573 lapidibusque
1022 3482 1193 3561 eruendis,

190 3610 244 3676 vel
271 3608 449 3696 pecoribus
485 3609 652 3689 curandis,
687 3610 743 3678 vel
773 3629 932 3697 agrorum
965 3608 1107 3687 cultura,
1142 3607 1197 3674 vel

191 3732 318 3800 artihus
363 3734 580 3812 exercendis,
619 3739 876 3820 mercatumque
913 3753 990 3799 curn
1025 3730 1194 3805 Corintho,

227 3971 264 4041 (l)
278 3971 463 4037 Ancsnocc„
479 3972 600 4041 Fraym.
614 3990 688 4043 pass.

228 4057 265 4129 (2)
283 4059 415 4122 Pluma„
426 4059 466 4110 De
476 4060 549 4112 Sero
564 4062 696 4113 auncinis
712 4059 859 4125 Vindicta,
870 4058 913 4121 18,
925 4078 952 4130 p.
966 4058 1027 4112 560.
1038 4087 1073 4099 -
1086 4058 1197 4124 Enseu„

194 4148 292 4219 Praep.
307 4167 424 4218 evang..
440 4150 474 4214 V,
490 4148 534 4213 33,
548 4168 575 4219 p.
590 4150 651 4204 338.

229 4240 267 4313 (3)
282 4240 392 4307 Seruus,
407 4228 585 4318 ’Ἀρχίλοχος
