3159 5150
786 543 953 617 .'‘·34‘'

382 685 522 754 ecelesia
540 684 704 766 innititur,
736 706 784 754 eae
802 691 879 754 ante
905 707 1013 753 unum
1040 687 1192 754 seculum
1213 687 1255 754 ab
1274 688 1384 757 insula

380 811 460 877 Delo
480 810 619 877 inveotae
645 814 735 889 sunt,
758 814 791 878 et
814 810 1005 897 Byzantinis
1018 811 1181 898 capitellis
1191 819 1305 879 auotae.
1323 815 1383 880 Ra-

379 934 483 1003 riores
492 934 738 1022 inscriptiones
748 934 891 1003 rariores
902 934 1198 1024 etiamseulpturae.
1208 937 1382 1004 Esttamen

378 1060 414 1126 in
429 1059 605 1148 eujusdam
629 1059 751 1127 domus
779 1061 916 1149 pariete,
940 1081 1041 1150 supra
1051 1066 1180 1150 portem
1195 1062 1379 1128 ornament

378 1191 489 1266 eausa,
513 1185 683 1253 inclusum
707 1205 855 1252 marmor
876 1185 982 1252 virilis
1007 1186 1156 1274 eorporis
1176 1187 1382 1274 superiorem

377 1317 505 1398 partem
515 1310 675 1390 referens,
688 1311 908 1379 solertissima
924 1331 1027 1378 manu
1038 1312 1246 1400 exsculptam
1253 1335 1262 1390 ;
1273 1317 1382 1379 cetera

376 1456 456 1504 vero
464 1442 522 1503 aut
529 1436 637 1524 magis
649 1434 833 1503 deformata
841 1455 943 1523 quarn
955 1440 993 1501 ut
1006 1442 1111 1503 artem
1122 1434 1311 1524 dignoscas,
1325 1440 1382 1501 aut

376 1562 473 1630 rudia
487 1563 626 1630 omnino
637 1583 676 1630 ae
695 1563 767 1630 sine
786 1563 893 1650 pretio
909 1569 999 1630 sunt.
1018 1563 1255 1652 Inscriptiones
1269 1568 1380 1631 antem

376 1708 506 1768 omnes
520 1692 746 1776 unaexoepta,
757 1686 916 1767 funereae,
934 1707 1044 1775 neque
1058 1685 1270 1754 Macedonica
1289 1692 1381 1755 aetete

375 1813 576 1901 superiores.
596 1814 735 1881 Inventa
756 1810 917 1880 etiamad
940 1810 1117 1878 meridiem
1141 1811 1236 1879 collis
1261 1809 1379 1878 urbani
1462 1833 1465 1836 ⁴

375 1941 539 2029 sepulcra,
554 1940 683 2009 sineres
696 1939 807 2007 adhue
823 1939 1037 2006 continentia.

420 2058 480 2124 His
504 2037 604 2146 igitur
631 2056 860 2141 consideratis
887 2055 1019 2123 nullum
1039 2055 1144 2122 alium
1169 2057 1284 2122 looum
1304 2075 1378 2122 esse

374 2181 432 2268 qui
446 2185 496 2249 tot
512 2180 691 2248 commoda
705 2180 781 2247 urbi
794 2178 996 2248 edificanda
1008 2184 1041 2246 et
1051 2179 1290 2248 conservandae
1299 2180 1378 2247 offe-

375 2304 435 2378 rat,
457 2298 515 2385 qui
534 2303 567 2366 et
581 2303 711 2365 tantum
730 2298 802 2385 agri
821 2298 966 2386 spatium
992 2302 1026 2363 et
1046 2300 1163 2385 portus
1187 2297 1374 2375 utilitatem,

374 2426 408 2488 et
434 2420 519 2487 areis
552 2421 834 2509 opportunitatem
857 2426 1001 2511 praestet,
1032 2442 1139 2508 quum
1166 2425 1215 2487 tot
1242 2405 1378 2509 insuper

270 2573 274 2582 ·
374 2550 505 2615 exstent
519 2546 694 2614 vetustatis
717 2551 948 2626 monumenta,
961 2566 1030 2614 non
1045 2544 1189 2614 dubitari
1200 2550 1310 2636 potest
1324 2543 1378 2611 hie

374 2674 470 2747 sitam
484 2674 590 2741 fuisse
605 2673 736 2754 urbem,
753 2674 872 2740 insulae
885 2681 994 2762 eaput.
1012 2675 1128 2761 Neque
1140 2674 1209 2741 ulla
1219 2674 1295 2752 alia,
1312 2673 1378 2739 nisi

372 2820 448 2886 quae
467 2819 650 2889 permagna
662 2798 774 2878 luerit,
797 2803 924 2865 tantam
938 2762 1147 2864 marmorum
1160 2796 1378 2886 lapidumque

372 2925 442 2993 virn
462 2923 634 2992 hodiernis
652 2923 781 2991 aedilrus
801 2924 1016 2992 ministraret.
1035 2924 1093 2990 Cui
1113 2922 1232 2990 rationi
1248 2941 1379 2989 oneres

301 3059 307 3066 ·
374 3041 475 3130 objici
500 3045 621 3130 potest,
644 3040 771 3108 seilicet
789 3038 908 3107 deesse
917 3060 1050 3127 aquarn,
1074 3039 1204 3106 nullam
1220 3059 1300 3106 vero
1319 3059 1375 3105 ur—

372 3168 451 3236 hem
479 3167 552 3234 sine
580 3186 667 3253 aqua
693 3168 835 3255 longum
859 3174 993 3256 tempus
1021 3165 1207 3233 duravisse.
1238 3165 1376 3232 Fluvius

372 3293 465 3359 enim
491 3291 550 3378 qui
569 3312 629 3381 per
646 3291 817 3360 Livadiam
836 3292 964 3371 transit,
989 3295 1066 3375 ante
1087 3310 1190 3377 quarn
1213 3288 1256 3357 ad
1283 3308 1375 3356 mare

372 3416 555 3506 perveniat,
572 3416 711 3504 paulurn
727 3415 770 3483 ad
788 3415 966 3483 meridiem
985 3414 1185 3493 deflectitur,
1203 3414 1374 3500 effluitque

372 3542 407 3607 in
425 3540 566 3629 paludes
584 3540 701 3621 salsas,
723 3540 825 3630 littori
844 3541 1024 3630 proximas.
1043 3540 1104 3616 Qui
1118 3538 1248 3606 rivulus
1263 3537 1372 3605 adex-

372 3674 518 3734 tremum
531 3672 648 3756 portus
666 3668 771 3735 finem
792 3666 992 3746 infunditur,
1023 3670 1141 3754 potum
1169 3685 1238 3731 non
1254 3663 1372 3730 minis-

371 3797 445 3871 trat,
463 3791 546 3860 adeo
562 3811 691 3869 amaras
702 3797 735 3860 et
752 3791 841 3860 male
859 3791 1011 3859 salubres
1034 3790 1163 3879 corpori
1188 3789 1296 3857 undas
1317 3788 1372 3856 vol

372 3916 429 3985 vit.
439 3919 594 3984 Ariadna
604 3917 715 3988 dietus
727 3921 812 3983 Fons
826 3916 881 3984 vel
896 3920 1057 4003 Balneum
1071 3913 1115 3992 (¹),
1133 3913 1372 3982 idemfortasse

405 4111 444 4183 (l)¹
458 4075 684 4167 Buorronnuourn
701 4132 707 4165 :
723 4112 852 4165 Balneum
865 4111 999 4165 Ariadnae.
1013 4138 1049 4151 -
1066 4081 1184 4163 ulem
1201 4116 1229 4163 et
1246 4108 1320 4164 Pnsu
1336 4123 1373 4161 or

370 4189 478 4244 Kromna
487 4193 524 4263 (p.
539 4192 586 4263 dl)
603 4210 609 4245 :
623 4194 743 4247 Fontana
756 4191 890 4244 Ariadnae.
