3159 5150
788 567 926 643 ...20-

354 689 518 795 templum
537 706 627 775 fuit?
643 708 746 796 Cujus
768 710 940 776 numinis?
959 709 991 776 Si
1009 709 1128 798 conjici
1150 709 1277 776 ratione
1300 729 1357 796 po

220 830 222 837 ’
335 831 427 909 test,
444 830 621 920 Apollinis.
634 832 763 899 Scimus
779 832 871 899 enim
888 833 922 899 in
946 832 1062 899 multis
1077 832 1206 900 Graeciae
1222 832 1353 909 locist),

353 956 387 1022 in
409 957 526 1045 templi
554 957 681 1045 antiqui
708 957 822 1024 locum
850 959 1054 1026 successisse
1077 960 1150 1047 ejus
1178 957 1283 1025 sancti
1302 977 1356 1023 sa-

353 1080 489 1160 cellum,
522 1082 619 1170 cujus
636 1081 692 1148 vel
707 1082 775 1149 vita
795 1082 850 1149 vel
873 1103 1012 1161 munus,
1030 1082 1086 1151 vel
1106 1082 1206 1150 etiarn
1232 1100 1358 1148 nomeu

353 1225 430 1271 cum
441 1205 550 1292 prisco
567 1204 708 1272 numine
717 1206 843 1294 optime
855 1212 1065 1294 congrueret.
1078 1207 1131 1273 Sic
1141 1205 1358 1273 sanctiHeliae

353 1328 514 1397 sacellum
524 1327 725 1397 Solisaedem
736 1330 878 1419 excepit,
892 1330 1048 1399 Minervae
1061 1331 1227 1418 templum
1237 1336 1359 1397 sanctae

353 1455 494 1545 Sophiae,
519 1455 726 1523 Constantini
746 1455 780 1521 in
796 1456 891 1536 urhe,
915 1456 1079 1525 ecclesia:
1099 1459 1186 1524 Mars
1203 1476 1263 1523 sua
1278 1454 1360 1522 sede

352 1601 372 1648 a
387 1586 501 1648 sancto
509 1579 651 1669 Georgio
662 1579 716 1647 vel
727 1580 896 1647 Demetrio
915 1579 1066 1668 dejectus
1079 1604 1087 1659 ;
1106 1581 1238 1668 aliaque
1252 1579 1358 1645 multa

339 1705 455 1793 'hujus
478 1703 572 1772 modi
587 1705 742 1793 exempla
755 1704 874 1772 reterri
886 1711 1039 1793 possunt.
1062 1704 1148 1771 Tum
1167 1705 1202 1771 in
1220 1704 1355 1771 alia-in-

262 1883 266 1892 .
353 1827 435 1895 sulae
464 1833 585 1895 nostrae
615 1834 723 1916 parte,
754 1827 930 1916 cujusdam
955 1830 1080 1896 Sanctae
1110 1828 1271 1896 sacellum
1293 1833 1354 1904 est,
1444 1806 1448 1813 ²

353 1952 435 2020 olim
462 1952 821 2040 frequentatissimum,
845 1952 1036 2021 Artemidos
1065 1958 1201 2032 vocata,
1226 1958 1357 2041 recepta

353 2077 388 2142 in
411 2076 586 2144 beatorum
608 2083 744 2157 cretum,
772 2078 887 2146 nescio
911 2098 979 2165 quo
1007 2079 1094 2166 jure,
1117 2077 1175 2144 illa
1192 2068 1357 2166 Apollinis

354 2220 480 2267 sorore.
516 2201 578 2267 Hic
605 2201 718 2289 igitur,
752 2201 786 2267 in
811 2202 1012 2268 memoriam
1044 2202 1173 2280 Phoehi,
1206 2201 1264 2289 qui
1291 2202 1358 2269 luci

353 2331 474 2413 praeest
493 2324 651 2413 diemque
664 2325 865 2393 mortalibus
887 2325 1038 2414 largitur,
1058 2325 1143 2392 illud
1168 2347 1355 2413 cognomen

351 2449 484 2528 loanni,
502 2469 571 2515 non
592 2448 675 2517 alias
690 2449 843 2516 auditum
859 2449 1061 2518 addiderunt
1081 2450 1196 2529 Graeci,
1221 2476 1237 2510 «
1255 2450 1357 2516 lumi-

352 2576 406 2643 nis
429 2575 712 2665 dispensatorem;
733 2604 749 2639 a
775 2576 848 2644 sive
868 2578 1128 2665 Evangelistam,
1151 2579 1222 2647 sive
1246 2579 1358 2667 potius

353 2699 546 2788 Baptistam,
564 2700 685 2766 Christi
708 2719 961 2788 praecursorem,
987 2702 1021 2766 in
1037 2702 1150 2770 animo
1166 2703 1354 2770 habuerint.

359 2909 361 2914 ⁴
397 2820 499 2916 Multo
515 2818 643 2887 honore
658 2817 749 2908 apud
758 2819 882 2885 Naxios
898 2819 1057 2898 Phoebus,
1075 2824 1113 2885 ut
1122 2820 1213 2908 apud
1227 2821 1358 2886 Graecos
1396 2887 1399 2897 ,

353 2963 496 3021 omnes,
532 2942 715 3010 colebatur.
752 2942 838 3008 Turn
867 2943 977 3009 ticina
1005 2949 1076 3011 erat
1106 2944 1226 3023 Delos,
1262 2946 1358 3032 cujus

354 3086 478 3133 nomen
491 3064 667 3152 Apollinea
677 3064 833 3152 quaedam
848 3065 937 3133 aedes
948 3068 982 3132 in
996 3071 1111 3134 nostra
1121 3068 1232 3134 insula
1240 3067 1367 3135 resera.

354 3189 421 3268 hat,
444 3194 478 3256 et
503 3192 617 3253 Delion
640 3187 814 3288 dicebatur
832 3189 874 3256 (²).
902 3191 1071 3258 Pastorem
1090 3190 1280 3278 Apollinem
1304 3211 1359 3259 ve-

353 3314 557 3382 nerabantur
584 3314 702 3393 Naxii;
740 3336 887 3404 namque
916 3321 1035 3403 praeter
1063 3318 1235 3404 Tragaeum
1261 3317 1357 3383 illum

353 3439 543 3529 Apollinem
564 3440 690 3527 dequo
714 3440 800 3507 inira
818 3447 946 3530 agetur,
969 3442 1155 3510 Macrobius
1173 3442 1200 3496 (³)
1222 3443 1359 3510 alterius

354 3566 455 3632 etiam
482 3565 690 3633 mentionem
719 3565 797 3633 tacit
825 3587 985 3654 pecorum
1008 3567 1174 3647 custodis,
1194 3594 1209 3631 α
1230 3576 1295 3645 ναὸς
1312 3578 1358 3634 τοῦ

271 3701 275 3708 ’
354 3697 530 3772 ποιμνίου.»
559 3692 650 3758 Inter
682 3697 812 3758 ceteros
845 3692 904 3779 qui
935 3712 1077 3760 munera
1104 3692 1251 3780 Delphos
1278 3693 1357 3758 mit-

354 3813 479 3894 tebant,
511 3816 607 3882 Naxii
637 3815 799 3904 singulari
835 3818 957 3904 pietate
989 3818 1215 3885 innotuerant.
1248 3818 1358 3884 Exstat
1414 3866 1416 3871 -

390 4008 428 4079 (l)
444 3993 580 4075 timum,
595 4010 695 4063 Demos
707 4012 743 4064 de
758 4011 902 4081 l'Attique.

269 4135 272 4143 .
390 4098 429 4169 (2)
444 4101 608 4160 Amissus,
625 4092 762 4174 Ναξιακά,
778 4101 848 4169 frag.
861 4100 926 4153 hist.
938 4118 1018 4170 graec.
1032 4102 1121 4159 Didot.

390 4186 428 4260 (3)
443 4188 577 4252 Satura„
594 4186 615 4252 l,
633 4186 676 4252 17,
687 4193 705 4255 ἓ
718 4187 762 4242 45.

408 4291 413 4300 a
