3159 5150
636 551 774 606 ..59-

201 695 290 762 latus
303 694 393 760 Dens
408 692 569 761 scelestos
589 693 757 773 homines,
776 694 909 783 injecto
922 692 1045 771 furore,
1067 692 1101 758 in
1121 693 1205 759 flnc-

202 824 256 885 tus
285 816 326 885 de
353 837 464 907 puppe
492 792 672 885 demersit:
703 816 783 885 inde
815 822 933 885 natum
968 816 1206 906 delphinorum

201 962 321 1030 genus.
344 942 437 1009 Tunc
451 942 494 1009 ad
518 942 631 1010 littora
659 942 801 1021 delatus,
826 941 1019 1009 derelictam
1039 961 1059 1008 a
1078 940 1207 1030 perfido

201 1066 331 1135 Theseo
353 1067 481 1135 invenit
504 1067 623 1134 Minois
649 1067 764 1146 filiam,
798 1066 978 1134 Ariadnam
993 1064 1024 1119 (¹)
1037 1090 1045 1145 ;
1072 1065 1205 1134 miseri-

201 1189 314 1258 cordia
334 1196 458 1270 motuS,
488 1192 616 1259 solatur
643 1177 795 1280 inopem,
829 1211 1012 1279 secumque
1041 1191 1076 1257 in
1103 1191 1206 1258 Drion

201 1319 353 1382 montem
373 1314 519 1395 ductam,
546 1316 660 1383 uxoris
683 1316 757 1384 loco
778 1315 881 1384 hahet
906 1320 940 1384 et
958 1314 1206 1383 immortalitate

202 1438 314 1506 donat.
339 1439 498 1529 Splendet
518 1439 678 1528 deinceps
700 1440 787 1507 iuter
816 1444 905 1507 astra
930 1438 1082 1507 Ariadnae
1114 1458 1207 1506 coro·

200 1583 255 1642 na,
272 1562 351 1631 felix
365 1563 601 1652 navigantibus
612 1563 705 1631 sidus
722 1552 764 1630 ⁴²).
789 1565 977 1652 Saepissime
990 1584 1010 1630 a
1022 1562 1205 1653 pictoribus

200 1688 346 1775 antiquis
360 1692 494 1756 tractata
518 1689 587 1755 haec
612 1688 736 1769 sabula,
758 1710 845 1778 saepe
861 1709 881 1756 a
899 1689 1007 1779 poetis
1023 1692 1203 1767 recantata,

201 1820 293 1882 stans
307 1815 342 1881 in
352 1815 461 1883 littore
472 1814 604 1884 deserto
619 1815 743 1905 puella,
765 1816 848 1883 dum
859 1816 1045 1904 fugientem
1058 1814 1205 1882 Theseos

201 1943 307 2007 ratem
333 1940 419 2006 flens
445 1940 616 2030 prospicit.
651 1941 693 2008 At
725 1945 818 2029 parte
845 1940 920 2018 alia,
947 1939 1097 2006 Bacchus
1127 1958 1206 2005 cum

201 2065 326 2151 Satyris
350 2069 552 2152 assuetoque
584 2065 698 2144 chore,
734 2086 830 2155 spem
856 2065 1071 2153 laetitiamque
1093 2063 1206 2132 ferens

200 2192 347 2278 apparet.
367 2188 470 2268 Alias,
487 2190 631 2277 positam
655 2210 787 2270 somno,
823 2192 869 2258 ita
900 2189 1016 2258 dolore
1043 2189 1206 2257 exhausta

200 2304 274 2383 fnit,
314 2303 536 2394 deprehendit
561 2306 662 2385 Deus,
689 2305 901 2393 formamque
921 2304 1122 2373 dormientis
1144 2304 1203 2372 ad-

199 2428 339 2496 miratus
357 2434 468 2519 stupet
483 2428 524 2495 (³).
694 2505 699 2513 ,

244 2554 320 2622 Haeo
333 2559 383 2621 est
401 2553 526 2634 fabula,
543 2556 680 2643 qualem
701 2554 831 2624 effinxit
844 2562 1019 2643 poetarum
1040 2555 1203 2645 posterio-

198 2702 275 2748 rum
300 2691 486 2749 consensus
503 2706 510 2748 :
529 2702 647 2750 verum
678 2682 807 2770 priores
835 2699 907 2749 rem
934 2680 1030 2748 aliter
1054 2684 1201 2747 narrant.

197 2807 272 2872 Non
286 2825 364 2872 cum
383 2805 512 2874 Theseo
533 2805 575 2873 de
586 2804 732 2872 Ariadna
747 2805 927 2874 certavisse
947 2804 1127 2883 Bacchum,
1142 2804 1202 2872 sed

198 2949 278 2996 cum
300 2928 404 2997 altero
427 2930 578 3008 numine,
605 2929 774 2997 maritimo
794 2931 874 3009 Dee,
896 2930 954 3017 qui
973 2928 1118 2997 Glaucus
1140 2950 1202 2996 no-

198 3053 346 3120 minatur
360 3052 409 3130 (⁴);
434 3053 597 3122 victorem
626 3054 718 3122 lovis
746 3054 868 3134 filium,
885 3074 946 3122 sna
974 3075 1051 3121 cum
1082 3053 1203 3121 aemulo

199 3179 486 3267 consanguinitate
522 3180 665 3268 cognita,
696 3180 910 3248 conciliatum
930 3200 1008 3247 mox
1038 3178 1154 3258 fuisse,
1171 3185 1205 3247 et

198 3302 374 3390 impulisse
388 3323 466 3370 eum
481 3309 519 3371 nt
538 3324 631 3392 aequa
652 3303 887 3372 benevolentia
912 3307 1049 3391 gentem
1064 3303 1202 3371 Naxiam

198 3426 337 3495 foveret.
361 3426 409 3493 lbi
435 3426 698 3516 deprehenditur
713 3434 882 3495 certamen
908 3425 992 3494 illud
1006 3448 1073 3515 quo
1087 3427 1202 3516 primi-

199 3556 253 3619 tus
280 3552 366 3619 inter
393 3572 429 3620 se
453 3551 698 3622 contenderunt
725 3554 836 3643 prisca
863 3572 1018 3641 novaque
1049 3554 1199 3631 numina,

233 3755 271 3827 <n
287 3757 378 3820 oua,
394 3756 528 3823 naara,
544 3776 575 3828 η
591 3761 647 3813 Ars
665 3729 772 3823 amar.,'
784 3758 806 3820 1,
820 3758 883 3820 527,
899 3757 966 3827 aaa
982 3757 1113 3820 ueram„
1128 3758 1201 3820 vru,

200 3843 258 3898 174.
288 3874 322 3885 -
347 3844 466 3907 Sanaos,
495 3846 582 3919 Traq,
604 3849 700 3918 OEdip.
715 3876 750 3888 -
767 3845 919 3911 Coroneus,
947 3845 1047 3925 Epith.
1069 3845 1148 3899 Ther.
1176 3854 1204 3899 et

197 3932 290 3986 Pelei.

234 4020 273 4092 (2)
286 4022 452 4085 Enaros’rn„
468 4023 620 4087 Caluam„
633 4024 698 4079 5.-
707 4023 875 4088 Gonnum„
887 4039 915 4086 x,
926 4024 961 4077 52
975 4042 981 4077 :
995 4022 1099 4077 Naxius
1112 4024 1200 4077 ardor.

234 4111 271 4181 (3)
286 4111 445 4176 Percosra„
459 4113 567 4183 Imaq„
579 4113 600 4179 Ι,
619 4113 660 4167 15.

234 4201 272 4272 (4)
287 4199 405 4267 Arsam,
421 4201 481 4263 Vll,
497 4201 539 4255 47.
555 4249 558 4254 .
