3159 5150
803 543 945 603 ..16-

375 685 546 755 Columnae
566 685 839 773 inscripserunt,
857 687 891 753 in
909 685 1169 776 longitudinem,
1187 688 1375 757 vetustissi-

374 830 506 881 marum
528 810 714 879 formarum
736 809 867 891 litterae,
885 810 961 880 rudi
972 811 1083 883 adhue
1102 832 1206 881 manu
1221 817 1373 881 exarata.

374 935 499 1003 Versus
517 953 609 1001 nuno
627 952 648 1000 a
667 933 813 1014 sinistra,
831 955 960 1005 nunna
983 934 1100 1004 dextra
1119 936 1296 1025 incipiunt,
1317 937 1376 1024 qui

374 1057 543 1127 scribendi
566 1056 690 1126 modus
715 1061 978 1143 Boaanopbedoo
1006 1059 1139 1129 dieitur,
1165 1059 1293 1147 Viginti
1311 1060 1375 1127 oir-

373 1183 456 1250 citer
473 1188 555 1253 sunt
568 1202 699 1262 versus,
716 1182 897 1271 exquibus
912 1203 1020 1250 unum
1038 1182 1182 1253 verbum
1199 1182 1377 1255 manifeste

282 1399 285 1406 Ι
373 1307 583 1397 interpretari
597 1308 704 1397 potui,
716 1308 794 1376 Deae
807 1307 936 1377 scilieet
945 1308 1101 1376 Minervae
1115 1328 1252 1388 nomen,
1266 1308 1377 1380 Ionios

373 1431 547 1520 seriptum,
570 1429 687 1516 betros
712 1430 796 1503 lude
823 1438 959 1521 apparet
976 1452 1045 1499 non
1060 1452 1139 1503 eam
1153 1452 1228 1503 essa
1241 1431 1374 1511 urbem,

373 1561 411 1622 ut
425 1556 533 1623 voluit
556 1556 706 1645 lgnatius
726 1556 866 1635 Liohtle,
884 1557 919 1623 in
933 1576 999 1643 qua
1017 1557 1136 1636 Persae,
1154 1562 1231 1624 ante
1250 1555 1376 1631 Medios

373 1679 473 1760 bella,
492 1680 537 1746 ab
559 1679 735 1751 obsidione
749 1679 832 1755 Naxi
854 1679 991 1768 repulsi,
1014 1679 1150 1749 exsules
1166 1679 1243 1749 illos
1257 1676 1377 1747 divites

372 1803 580 1892 reliquerint,
610 1825 696 1891 quos
719 1804 756 1870 in
779 1804 921 1893 patriam
944 1804 1119 1873 restituere
1147 1822 1321 1875 armorum
1343 1802 1377 1868 vi

372 1933 590 2001 tentaverant.
604 1929 719 2017 Longe
732 1928 902 2017 antiquior
915 1929 1008 1997 enim
1022 1928 1080 2001 illa
1092 1933 1189 1996 atate
1203 1933 1256 1995 est
1266 1927 1374 2014 scrip

375 2059 456 2119 turae
479 2051 582 2141 hujus
610 2053 751 2141 speeies.
777 2053 868 2123 Pone
895 2056 1086 2137 Komoopr'o
1109 2050 1377 2141 promontorium

374 2175 498 2244 desinit
508 2177 618 2257 vallis,
632 2179 746 2244 Senon·
756 2178 912 2262 Stephani
924 2177 1024 2257 diota,
1042 2176 1084 2244 ab
1103 2176 1155 2257 Zia
1164 2181 1279 2245 monte
1293 2175 1376 2243 inei-

373 2299 481 2388 pieus,
496 2301 551 2367 oui
561 2300 726 2388 contingit
739 2300 833 2389 larga
845 2300 1057 2388 fecundaque
1070 2301 1194 2382 Sonare
1206 2299 1374 2389 planities,
1398 2320 1402 2329 ·

374 2425 584 2497 suavissimis
599 2428 633 2493 et
651 2424 951 2495 abundantissimis
970 2423 1225 2511 aquariontibus
1239 2422 1373 2513 irrigue.

373 2549 460 2617 Huio
474 2549 703 2639 supereminet
719 2549 906 2629 rastellum,
925 2548 1013 2620 iuter
1027 2567 1066 2616 ea
1079 2567 1156 2636 quaa
1168 2545 1278 2616 Media
1286 2547 1377 2620 AEtts

372 2673 523 2761 reliquit,
549 2674 683 2761 egregie
715 2678 897 2751 servatum,
931 2677 1037 2740 Polirt
1070 2672 1219 2740 nomine.
1242 2670 1376 2759 Triplici

372 2820 470 2868 muro
488 2799 630 2879 wrimatus,
649 2804 823 2887 uneporta
844 2798 1007 2868 intrantes
1021 2797 1177 2866 admittit.
1204 2798 1243 2864 ln
1263 2795 1377 2870 media

373 2923 542 2997 interioris
550 2924 681 2992 cinotus
690 2928 783 3012 parte
797 2923 930 2994 stabant
939 2923 1133 2992 Latinorum
1138 2921 1375 2996 aruasiaecum

373 3048 531 3118 domibus
545 3048 809 3122 Venetianorum
823 3047 1032 3137 principum:
1046 3047 1214 3134 reliquum
1228 3045 1375 3134 spatium

371 3172 475 3239 Graeoi
486 3170 656 3240 tenebant.
906 3156 910 3163 ¹
1193 3157 1195 3161 ’

415 3295 497 3363 Tota
511 3295 631 3366 insule
644 3279 733 3384 pars,
745 3317 822 3384 quae
836 3295 917 3364 inde
932 3295 975 3366 ad
984 3294 1161 3363 meridiem
1171 3294 1234 3363 sita
1247 3300 1309 3374 est,
1325 3291 1375 3360 nil

371 3417 463 3486 aliud
483 3418 622 3508 praebet,
639 3420 706 3488 nisi
721 3419 827 3490 valles
844 3419 1018 3494 montibus
1038 3418 1248 3506 collibusque
1264 3418 1375 3508 impli-

371 3546 471 3622 catas,
497 3564 572 3630 quae
598 3544 713 3633 plures
730 3564 866 3613 meuses
889 3544 1069 3633 quotannis
1094 3562 1181 3631 aqua
1206 3541 1374 3612 destituta

371 3672 461 3734 suut.
482 3667 532 3734 lbi
551 3669 677 3757 jejune
694 3673 826 3736 tantum
845 3675 1000 3737 creseunt
1018 3674 1160 3757 segetes,
1189 3687 1266 3755 quae
1284 3667 1373 3746 male

370 3791 457 3858 votis
494 3791 717 3880 agricolarum
746 3793 971 3882 respondeut;
1006 3797 1170 3881 vagantur
1196 3791 1264 3874 bue
1290 3767 1373 3860 illue

371 3914 487 3983 ovium
506 3915 778 4004 capellarumque
791 3936 924 4005 penora,
941 3915 1131 4004 pastoribus
1149 3914 1205 3983 vel
1218 3913 1283 3982 sub
1303 3913 1369 3991 dio,

371 4038 426 4108 vel
443 4038 593 4107 frondeis
607 4039 675 4108 sub
695 4040 819 4108 casulis
833 4039 1047 4128 degentibus.
1064 4039 1145 4106 Tres
1158 4039 1236 4128 pagi
1251 4043 1321 4106 tota
1337 4039 1371 4106 in

372 4162 510 4262 regione
529 4170 720 4242 doemunt,
749 4164 919 4252 iidemque
941 4164 1126 4251 perexigui,
1148 4166 1285 4236 aanor
1308 4162 1372 4230 lert
