<?xml version="1.0" encoding="UTF-8"?>
<!DOCTYPE html PUBLIC "-//W3C//DTD XHTML 1.0 Transitional//EN"
    "http://www.w3.org/TR/xhtml1/DTD/xhtml1-transitional.dtd">
<html xmlns="http://www.w3.org/1999/xhtml" xml:lang="en" lang="en">
 <head>
  <title>
</title>
<meta http-equiv="Content-Type" content="text/html;charset=utf-8" />
  <meta name='ocr-system' content='tesseract 3.04.00' />
  <meta name='ocr-capabilities' content='ocr_page ocr_carea ocr_par ocr_line ocrx_word'/>
</head>
<body>
  <div class='ocr_page' id='page_1' title='image "./deinsulanaxo00dugigoog_0101.png"; bbox 0 0 3159 5150; ppageno 0'>
   <div class='ocr_carea' id='block_1_1' title="bbox 632 618 771 674">
    <p class='ocr_par' dir='ltr' id='par_1_1' title="bbox 632 618 771 674">
     <span class='ocr_line' id='line_1_1' title="bbox 632 618 771 674; baseline 0.014 -14"><span class='ocrx_word' id='word_1_1' title='bbox 632 618 771 674; x_wconf 83' lang='lat'><strong>..93-</strong></span> 
     </span>
    </p>
   </div>
   <div class='ocr_carea' id='block_1_2' title="bbox 172 738 1212 2452">
    <p class='ocr_par' dir='ltr' id='par_1_2' title="bbox 172 738 1212 2452">
     <span class='ocr_line' id='line_1_2' title="bbox 200 738 1206 850; baseline 0.001 -22"><span class='ocrx_word' id='word_1_2' title='bbox 200 762 243 829; x_wconf 82' lang='lat' dir='ltr'>tia</span> <span class='ocrx_word' id='word_1_3' title='bbox 257 763 439 850; x_wconf 86' lang='lat' dir='ltr'>insciisque</span> <span class='ocrx_word' id='word_1_4' title='bbox 450 762 580 831; x_wconf 91' lang='lat' dir='ltr'>civibus</span> <span class='ocrx_word' id='word_1_5' title='bbox 595 738 715 831; x_wconf 74' lang='lat' dir='ltr'>suist).</span> <span class='ocrx_word' id='word_1_6' title='bbox 728 763 834 840; x_wconf 79' lang='lat' dir='ltr'>Quam</span> <span class='ocrx_word' id='word_1_7' title='bbox 844 772 916 831; x_wconf 85' lang='lat' dir='ltr'>re&#39;m</span> <span class='ocrx_word' id='word_1_8' title='bbox 927 762 1136 841; x_wconf 78' lang='lat' dir='ltr'>Plutarchus,</span> <span class='ocrx_word' id='word_1_9' title='bbox 1154 765 1206 829; x_wconf 89' lang='lat' dir='ltr'>in-</span> 
     </span>
     <span class='ocr_line' id='line_1_3' title="bbox 201 886 1209 974; baseline 0 -21"><span class='ocrx_word' id='word_1_10' title='bbox 201 894 252 954; x_wconf 86' lang='lat' dir='ltr'>ter</span> <span class='ocrx_word' id='word_1_11' title='bbox 266 886 331 954; x_wconf 89' lang='lat' dir='ltr'>alia</span> <span class='ocrx_word' id='word_1_12' title='bbox 350 886 533 964; x_wconf 69' lang='lat' dir='ltr'>Herodoti,</span> <span class='ocrx_word' id='word_1_13' title='bbox 543 907 645 974; x_wconf 86' lang='lat' dir='ltr'>quam</span> <span class='ocrx_word' id='word_1_14' title='bbox 661 887 803 967; x_wconf 87' lang='lat' dir='ltr'>incusat,</span> <span class='ocrx_word' id='word_1_15' title='bbox 823 886 1040 974; x_wconf 79' lang='lat' dir='ltr'>malignitatis</span> <span class='ocrx_word' id='word_1_16' title='bbox 1055 886 1098 964; x_wconf 75' lang='lat'>(²),</span> <span class='ocrx_word' id='word_1_17' title='bbox 1111 906 1209 974; x_wconf 84' lang='lat' dir='ltr'>argu-</span> 
     </span>
     <span class='ocr_line' id='line_1_4' title="bbox 202 1008 1208 1078; baseline -0.001 -2"><span class='ocrx_word' id='word_1_18' title='bbox 202 1016 316 1077; x_wconf 90' lang='lat' dir='ltr'>menta</span> <span class='ocrx_word' id='word_1_19' title='bbox 334 1010 440 1078; x_wconf 83' lang='lat' dir='ltr'>affert.</span> <span class='ocrx_word' id='word_1_20' title='bbox 458 1009 636 1077; x_wconf 82' lang='lat' dir='ltr'>Contendit</span> <span class='ocrx_word' id='word_1_21' title='bbox 654 1011 744 1077; x_wconf 90' lang='lat' dir='ltr'>enim</span> <span class='ocrx_word' id='word_1_22' title='bbox 757 1011 881 1077; x_wconf 87' lang='lat' dir='ltr'>Naxios</span> <span class='ocrx_word' id='word_1_23' title='bbox 905 1008 990 1077; x_wconf 88' lang='lat' dir='ltr'>adeo</span> <span class='ocrx_word' id='word_1_24' title='bbox 1000 1030 1069 1076; x_wconf 95' lang='lat' dir='ltr'>non</span> <span class='ocrx_word' id='word_1_25' title='bbox 1085 1010 1208 1077; x_wconf 87' lang='lat' dir='ltr'>invitos</span> 
     </span>
     <span class='ocr_line' id='line_1_5' title="bbox 201 1132 1209 1211; baseline -0.001 -12"><span class='ocrx_word' id='word_1_26' title='bbox 201 1134 392 1201; x_wconf 77' lang='lat' dir='ltr'>Graecorum</span> <span class='ocrx_word' id='word_1_27' title='bbox 407 1133 553 1201; x_wconf 73' lang='lat' dir='ltr'>victoria</span> <span class='ocrx_word' id='word_1_28' title='bbox 567 1134 774 1201; x_wconf 82' lang='lat' dir='ltr'>consociatos</span> <span class='ocrx_word' id='word_1_29' title='bbox 793 1154 812 1200; x_wconf 89' lang='lat' dir='ltr'>a</span> <span class='ocrx_word' id='word_1_30' title='bbox 830 1133 1020 1201; x_wconf 87' lang='lat' dir='ltr'>Democrito</span> <span class='ocrx_word' id='word_1_31' title='bbox 1035 1132 1158 1211; x_wconf 80' lang='lat' dir='ltr'>fuisse„</span> <span class='ocrx_word' id='word_1_32' title='bbox 1171 1140 1209 1198; x_wconf 93' lang='lat' dir='ltr'>ut</span> 
     </span>
     <span class='ocr_line' id='line_1_6' title="bbox 199 1256 1205 1347; baseline -0.002 -23"><span class='ocrx_word' id='word_1_33' title='bbox 199 1264 316 1326; x_wconf 90' lang='lat' dir='ltr'>contra</span> <span class='ocrx_word' id='word_1_34' title='bbox 333 1278 510 1346; x_wconf 89' lang='lat' dir='ltr'>nunquam</span> <span class='ocrx_word' id='word_1_35' title='bbox 530 1259 707 1326; x_wconf 82' lang='lat' dir='ltr'>Persarum</span> <span class='ocrx_word' id='word_1_36' title='bbox 726 1256 850 1347; x_wconf 80' lang='lat' dir='ltr'>jugum</span> <span class='ocrx_word' id='word_1_37' title='bbox 868 1257 1077 1325; x_wconf 78' lang='lat' dir='ltr'>admiserint.</span> <span class='ocrx_word' id='word_1_38' title='bbox 1095 1256 1205 1333; x_wconf 80' lang='lat' dir='ltr'>Quum</span> 
     </span>
     <span class='ocr_line' id='line_1_7' title="bbox 201 1378 1209 1475; baseline 0 -22"><span class='ocrx_word' id='word_1_39' title='bbox 201 1386 293 1453; x_wconf 86' lang='lat' dir='ltr'>enim</span> <span class='ocrx_word' id='word_1_40' title='bbox 319 1387 527 1454; x_wconf 88' lang='lat' dir='ltr'>navarchum</span> <span class='ocrx_word' id='word_1_41' title='bbox 545 1378 789 1475; x_wconf 80' lang='lat' dir='ltr'>Artaphernem</span> <span class='ocrx_word' id='word_1_42' title='bbox 816 1386 971 1455; x_wconf 90' lang='lat' dir='ltr'>ducentis</span> <span class='ocrx_word' id='word_1_43' title='bbox 1001 1387 1145 1454; x_wconf 90' lang='lat' dir='ltr'>navibus</span> <span class='ocrx_word' id='word_1_44' title='bbox 1172 1406 1209 1453; x_wconf 88' lang='lat' dir='ltr'>se</span> 
     </span>
     <span class='ocr_line' id='line_1_8' title="bbox 181 1487 1209 1597; baseline -0.001 -20"><span class='ocrx_word' id='word_1_45' title='bbox 181 1511 251 1583; x_wconf 65' lang='lat' dir='ltr'>,eis</span> <span class='ocrx_word' id='word_1_46' title='bbox 271 1509 471 1576; x_wconf 89' lang='lat' dir='ltr'>inferentem</span> <span class='ocrx_word' id='word_1_47' title='bbox 494 1487 710 1597; x_wconf 82' lang='lat' dir='ltr'>repulissent,</span> <span class='ocrx_word' id='word_1_48' title='bbox 747 1510 856 1577; x_wconf 87' lang='lat' dir='ltr'>Datim</span> <span class='ocrx_word' id='word_1_49' title='bbox 875 1529 1021 1597; x_wconf 86' lang='lat' dir='ltr'>quoque,</span> <span class='ocrx_word' id='word_1_50' title='bbox 1040 1530 1118 1576; x_wconf 86' lang='lat' dir='ltr'>cum</span> <span class='ocrx_word' id='word_1_51' title='bbox 1140 1516 1209 1576; x_wconf 88' lang='lat' dir='ltr'>toto</span> 
     </span>
     <span class='ocr_line' id='line_1_9' title="bbox 204 1632 1211 1712; baseline -0.001 -12"><span class='ocrx_word' id='word_1_52' title='bbox 204 1633 352 1700; x_wconf 89' lang='lat' dir='ltr'>exercitu</span> <span class='ocrx_word' id='word_1_53' title='bbox 387 1634 612 1712; x_wconf 86' lang='lat' dir='ltr'>minitantem,</span> <span class='ocrx_word' id='word_1_54' title='bbox 655 1632 930 1712; x_wconf 87' lang='lat' dir='ltr'>deturbaverunt,</span> <span class='ocrx_word' id='word_1_55' title='bbox 957 1639 990 1701; x_wconf 92' lang='lat' dir='ltr'>et</span> <span class='ocrx_word' id='word_1_56' title='bbox 1021 1652 1080 1700; x_wconf 87' lang='lat' dir='ltr'>sex</span> <span class='ocrx_word' id='word_1_57' title='bbox 1107 1652 1211 1700; x_wconf 87' lang='lat' dir='ltr'>naves</span> 
     </span>
     <span class='ocr_line' id='line_1_10' title="bbox 205 1758 1207 1827; baseline 0 -2"><span class='ocrx_word' id='word_1_58' title='bbox 205 1759 325 1826; x_wconf 73' lang='lat' dir='ltr'>Grecis</span> <span class='ocrx_word' id='word_1_59' title='bbox 344 1758 563 1826; x_wconf 87' lang='lat' dir='ltr'>adtuendam</span> <span class='ocrx_word' id='word_1_60' title='bbox 583 1780 800 1826; x_wconf 87' lang='lat' dir='ltr'>communem</span> <span class='ocrx_word' id='word_1_61' title='bbox 816 1759 1005 1827; x_wconf 89' lang='lat' dir='ltr'>libertatem</span> <span class='ocrx_word' id='word_1_62' title='bbox 1024 1760 1207 1826; x_wconf 89' lang='lat' dir='ltr'>miserunt:</span> 
     </span>
     <span class='ocr_line' id='line_1_11' title="bbox 172 1874 1208 1973; baseline 0.002 -25"><span class='ocrx_word' id='word_1_63' title='bbox 172 1903 177 1919; x_wconf 59' lang='lat'><em>¹</em></span> <span class='ocrx_word' id='word_1_64' title='bbox 205 1874 375 1951; x_wconf 46' lang='lat' dir='ltr'>haec‘vero</span> <span class='ocrx_word' id='word_1_65' title='bbox 400 1885 597 1953; x_wconf 88' lang='lat' dir='ltr'>auctoritate</span> <span class='ocrx_word' id='word_1_66' title='bbox 617 1885 740 1973; x_wconf 85' lang='lat' dir='ltr'>Ephori</span> <span class='ocrx_word' id='word_1_67' title='bbox 764 1890 799 1951; x_wconf 92' lang='lat' dir='ltr'>et</span> <span class='ocrx_word' id='word_1_68' title='bbox 830 1884 994 1952; x_wconf 89' lang='lat' dir='ltr'>Hellanici</span> <span class='ocrx_word' id='word_1_69' title='bbox 1019 1884 1208 1963; x_wconf 87' lang='lat' dir='ltr'>confirmat,</span> 
     </span>
     <span class='ocr_line' id='line_1_12' title="bbox 205 2006 1212 2097; baseline 0 -24"><span class='ocrx_word' id='word_1_70' title='bbox 205 2006 407 2094; x_wconf 86' lang='lat' dir='ltr'>Diodorique</span> <span class='ocrx_word' id='word_1_71' title='bbox 423 2009 473 2093; x_wconf 87' lang='lat' dir='ltr'>(V,</span> <span class='ocrx_word' id='word_1_72' title='bbox 485 2009 552 2094; x_wconf 72' lang='lat'>52),</span> <span class='ocrx_word' id='word_1_73' title='bbox 569 2009 639 2097; x_wconf 86' lang='lat' dir='ltr'>qui,</span> <span class='ocrx_word' id='word_1_74' title='bbox 652 2029 758 2096; x_wconf 91' lang='lat' dir='ltr'>quum</span> <span class='ocrx_word' id='word_1_75' title='bbox 771 2029 841 2074; x_wconf 94' lang='lat' dir='ltr'>non</span> <span class='ocrx_word' id='word_1_76' title='bbox 850 2007 963 2075; x_wconf 86' lang='lat' dir='ltr'>‘credat</span> <span class='ocrx_word' id='word_1_77' title='bbox 973 2008 1094 2075; x_wconf 85' lang='lat' dir='ltr'>Naxios</span> <span class='ocrx_word' id='word_1_78' title='bbox 1104 2008 1212 2096; x_wconf 89' lang='lat' dir='ltr'>primo</span> 
     </span>
     <span class='ocr_line' id='line_1_13' title="bbox 205 2134 1212 2224; baseline 0 -25"><span class='ocrx_word' id='word_1_79' title='bbox 205 2134 381 2202; x_wconf 90' lang='lat' dir='ltr'>Persarum</span> <span class='ocrx_word' id='word_1_80' title='bbox 399 2136 527 2224; x_wconf 89' lang='lat' dir='ltr'>impetu</span> <span class='ocrx_word' id='word_1_81' title='bbox 555 2135 750 2204; x_wconf 85' lang='lat' dir='ltr'>submersos</span> <span class='ocrx_word' id='word_1_82' title='bbox 783 2156 852 2202; x_wconf 88' lang='lat' dir='ltr'>non</span> <span class='ocrx_word' id='word_1_83' title='bbox 876 2135 992 2212; x_wconf 85' lang='lat' dir='ltr'>fuisse,</span> <span class='ocrx_word' id='word_1_84' title='bbox 1024 2136 1069 2202; x_wconf 89' lang='lat' dir='ltr'>ait</span> <span class='ocrx_word' id='word_1_85' title='bbox 1091 2135 1212 2201; x_wconf 88' lang='lat' dir='ltr'>saltem</span> 
     </span>
     <span class='ocr_line' id='line_1_14' title="bbox 207 2259 1212 2349; baseline 0.001 -24"><span class='ocrx_word' id='word_1_86' title='bbox 207 2261 333 2347; x_wconf 87' lang='lat' dir='ltr'>primos</span> <span class='ocrx_word' id='word_1_87' title='bbox 351 2261 545 2349; x_wconf 86' lang='lat' dir='ltr'>resipuisse,</span> <span class='ocrx_word' id='word_1_88' title='bbox 575 2262 765 2348; x_wconf 79' lang='lat' dir='ltr'>rejectoque</span> <span class='ocrx_word' id='word_1_89' title='bbox 789 2263 884 2349; x_wconf 83' lang='lat' dir='ltr'>jugo,</span> <span class='ocrx_word' id='word_1_90' title='bbox 907 2260 1096 2329; x_wconf 87' lang='lat' dir='ltr'>aBarbaris</span> <span class='ocrx_word' id='word_1_91' title='bbox 1120 2259 1178 2327; x_wconf 86' lang='lat' dir='ltr'>def</span> <span class='ocrx_word' id='word_1_92' title='bbox 1200 2299 1212 2307; x_wconf 95' lang='lat'>-</span> 
     </span>
     <span class='ocr_line' id='line_1_15' title="bbox 207 2405 305 2452; baseline 0.02 -3"><span class='ocrx_word' id='word_1_93' title='bbox 207 2405 305 2452; x_wconf 79' lang='lat' dir='ltr'>cisse.</span> 
     </span>
    </p>
   </div>
   <div class='ocr_carea' id='block_1_3' title="bbox 251 2484 1211 2610">
    <p class='ocr_par' dir='ltr' id='par_1_3' title="bbox 251 2484 1211 2610">
     <span class='ocr_line' id='line_1_16' title="bbox 251 2484 1211 2610; baseline 0.001 -33"><span class='ocrx_word' id='word_1_94' title='bbox 251 2510 492 2610; x_wconf 84' lang='lat' dir='ltr'>Themistocles</span> <span class='ocrx_word' id='word_1_95' title='bbox 521 2510 725 2580; x_wconf 89' lang='lat' dir='ltr'>disturbatos</span> <span class='ocrx_word' id='word_1_96' title='bbox 751 2511 868 2579; x_wconf 91' lang='lat' dir='ltr'>hostes</span> <span class='ocrx_word' id='word_1_97' title='bbox 897 2484 1002 2579; x_wconf 87' lang='lat' dir='ltr'>classe</span> <span class='ocrx_word' id='word_1_98' title='bbox 1027 2511 1211 2590; x_wconf 86' lang='lat' dir='ltr'>insecutus,</span> 
     </span>
    </p>
   </div>
   <div class='ocr_carea' id='block_1_4' title="bbox 208 2634 1216 2972">
    <p class='ocr_par' dir='ltr' id='par_1_4' title="bbox 208 2634 1216 2972">
     <span class='ocr_line' id='line_1_17' title="bbox 208 2634 1212 2723; baseline 0.003 -23"><span class='ocrx_word' id='word_1_99' title='bbox 208 2634 288 2710; x_wconf 91' lang='lat' dir='ltr'>belli</span> <span class='ocrx_word' id='word_1_100' title='bbox 300 2636 376 2723; x_wconf 89' lang='lat' dir='ltr'>jure</span> <span class='ocrx_word' id='word_1_101' title='bbox 389 2637 513 2704; x_wconf 89' lang='lat' dir='ltr'>tributa</span> <span class='ocrx_word' id='word_1_102' title='bbox 536 2637 578 2704; x_wconf 91' lang='lat' dir='ltr'>ah</span> <span class='ocrx_word' id='word_1_103' title='bbox 599 2636 718 2703; x_wconf 88' lang='lat' dir='ltr'>insulis</span> <span class='ocrx_word' id='word_1_104' title='bbox 738 2636 862 2723; x_wconf 83' lang='lat' dir='ltr'>exegit.</span> <span class='ocrx_word' id='word_1_105' title='bbox 884 2636 1016 2705; x_wconf 80' lang='lat' dir='ltr'>Andros</span> <span class='ocrx_word' id='word_1_106' title='bbox 1034 2638 1212 2715; x_wconf 84' lang='lat' dir='ltr'>recusavit,</span> 
     </span>
     <span class='ocr_line' id='line_1_18' title="bbox 208 2741 1216 2849; baseline 0 -22"><span class='ocrx_word' id='word_1_107' title='bbox 208 2762 352 2846; x_wconf 78' lang='lat' dir='ltr'>geminis</span> <span class='ocrx_word' id='word_1_108' title='bbox 374 2760 457 2828; x_wconf 88' lang='lat' dir='ltr'>freta</span> <span class='ocrx_word' id='word_1_109' title='bbox 476 2741 686 2836; x_wconf 83' lang='lat' dir='ltr'>numinibus,</span> <span class='ocrx_word' id='word_1_110' title='bbox 698 2762 894 2849; x_wconf 88' lang='lat' dir='ltr'>Paupertate</span> <span class='ocrx_word' id='word_1_111' title='bbox 908 2769 941 2828; x_wconf 87' lang='lat' dir='ltr'>et</span> <span class='ocrx_word' id='word_1_112' title='bbox 956 2762 1216 2849; x_wconf 84' lang='lat' dir='ltr'>Egestate,Vim-</span> 
     </span>
     <span class='ocr_line' id='line_1_19' title="bbox 208 2884 1214 2972; baseline 0 -21"><span class='ocrx_word' id='word_1_113' title='bbox 208 2905 274 2972; x_wconf 71' lang='lat' dir='ltr'>(pue</span> <span class='ocrx_word' id='word_1_114' title='bbox 296 2893 329 2951; x_wconf 87' lang='lat' dir='ltr'>et</span> <span class='ocrx_word' id='word_1_115' title='bbox 352 2886 619 2964; x_wconf 87' lang='lat' dir='ltr'>Persuasionem,</span> <span class='ocrx_word' id='word_1_116' title='bbox 642 2884 860 2951; x_wconf 83' lang='lat' dir='ltr'>Themistocli</span> <span class='ocrx_word' id='word_1_117' title='bbox 880 2886 1138 2972; x_wconf 86' lang='lat' dir='ltr'>patrocinantes,</span> <span class='ocrx_word' id='word_1_118' title='bbox 1161 2906 1214 2951; x_wconf 88' lang='lat' dir='ltr'>re-</span> 
     </span>
    </p>
   </div>
   <div class='ocr_carea' id='block_1_5' title="bbox 207 3007 1228 3191">
    <p class='ocr_par' dir='ltr' id='par_1_5' title="bbox 207 3007 1228 3191">
     <span class='ocr_line' id='line_1_20' title="bbox 207 3007 1228 3096; baseline -0.001 -22"><span class='ocrx_word' id='word_1_119' title='bbox 207 3008 300 3095; x_wconf 86' lang='lat' dir='ltr'>jerit.</span> <span class='ocrx_word' id='word_1_120' title='bbox 325 3007 432 3074; x_wconf 85' lang='lat' dir='ltr'>Rediit</span> <span class='ocrx_word' id='word_1_121' title='bbox 456 3008 559 3096; x_wconf 85' lang='lat' dir='ltr'>igitur</span> <span class='ocrx_word' id='word_1_122' title='bbox 586 3008 764 3074; x_wconf 91' lang='lat' dir='ltr'>Phalerum</span> <span class='ocrx_word' id='word_1_123' title='bbox 786 3007 895 3074; x_wconf 87' lang='lat' dir='ltr'>Attica</span> <span class='ocrx_word' id='word_1_124' title='bbox 913 3007 1039 3074; x_wconf 90' lang='lat' dir='ltr'>classis.</span> <span class='ocrx_word' id='word_1_125' title='bbox 1058 3008 1228 3086; x_wconf 70' lang='lat' dir='ltr'>Nondum,</span> 
     </span>
     <span class='ocr_line' id='line_1_21' title="bbox 210 3121 1215 3191; baseline 0.004 -4"><span class='ocrx_word' id='word_1_126' title='bbox 210 3129 322 3189; x_wconf 88' lang='lat' dir='ltr'>tamen</span> <span class='ocrx_word' id='word_1_127' title='bbox 338 3123 477 3190; x_wconf 88' lang='lat' dir='ltr'>omnino</span> <span class='ocrx_word' id='word_1_128' title='bbox 493 3122 634 3190; x_wconf 86' lang='lat' dir='ltr'>liberata</span> <span class='ocrx_word' id='word_1_129' title='bbox 647 3129 718 3189; x_wconf 90' lang='lat' dir='ltr'>erat</span> <span class='ocrx_word' id='word_1_130' title='bbox 737 3121 872 3189; x_wconf 85' lang='lat' dir='ltr'>Graecia.</span> <span class='ocrx_word' id='word_1_131' title='bbox 890 3122 1007 3189; x_wconf 90' lang='lat' dir='ltr'>Melior</span> <span class='ocrx_word' id='word_1_132' title='bbox 1025 3122 1116 3189; x_wconf 91' lang='lat' dir='ltr'>enim</span> <span class='ocrx_word' id='word_1_133' title='bbox 1138 3125 1215 3191; x_wconf 87' lang='lat' dir='ltr'>Per-</span> 
     </span>
    </p>
   </div>
   <div class='ocr_carea' id='block_1_6' title="bbox 210 3242 1218 3956">
    <p class='ocr_par' dir='ltr' id='par_1_6' title="bbox 210 3242 1218 3956">
     <span class='ocr_line' id='line_1_22' title="bbox 210 3242 1218 3335; baseline -0.006 -22"><span class='ocrx_word' id='word_1_134' title='bbox 210 3247 271 3313; x_wconf 88' lang='lat' dir='ltr'>sici</span> <span class='ocrx_word' id='word_1_135' title='bbox 294 3248 459 3314; x_wconf 86' lang='lat' dir='ltr'>exereitus</span> <span class='ocrx_word' id='word_1_136' title='bbox 478 3267 566 3335; x_wconf 87' lang='lat' dir='ltr'>pars,</span> <span class='ocrx_word' id='word_1_137' title='bbox 582 3246 754 3314; x_wconf 89' lang='lat' dir='ltr'>Mardonio</span> <span class='ocrx_word' id='word_1_138' title='bbox 773 3244 870 3323; x_wconf 85' lang='lat' dir='ltr'>duee,</span> <span class='ocrx_word' id='word_1_139' title='bbox 886 3243 1047 3311; x_wconf 89' lang='lat' dir='ltr'>Boeotiam</span> <span class='ocrx_word' id='word_1_140' title='bbox 1061 3242 1218 3309; x_wconf 80' lang='lat' dir='ltr'>Atticam-</span> 
     </span>
     <span class='ocr_line' id='line_1_23' title="bbox 212 3368 1218 3457; baseline -0.004 -20"><span class='ocrx_word' id='word_1_141' title='bbox 212 3390 278 3457; x_wconf 87' lang='lat' dir='ltr'>que</span> <span class='ocrx_word' id='word_1_142' title='bbox 292 3370 464 3437; x_wconf 87' lang='lat' dir='ltr'>obtinebat</span> <span class='ocrx_word' id='word_1_143' title='bbox 476 3393 484 3448; x_wconf 89' lang='lat'>;</span> <span class='ocrx_word' id='word_1_144' title='bbox 496 3369 635 3438; x_wconf 82' lang='lat' dir='ltr'>Atheuae</span> <span class='ocrx_word' id='word_1_145' title='bbox 646 3370 769 3436; x_wconf 89' lang='lat' dir='ltr'>iterum</span> <span class='ocrx_word' id='word_1_146' title='bbox 780 3368 944 3456; x_wconf 74' lang='lat' dir='ltr'>expilata,</span> <span class='ocrx_word' id='word_1_147' title='bbox 963 3385 1084 3453; x_wconf 86' lang='lat' dir='ltr'>resque</span> <span class='ocrx_word' id='word_1_148' title='bbox 1099 3386 1218 3452; x_wconf 86' lang='lat' dir='ltr'>omnes</span> 
     </span>
     <span class='ocr_line' id='line_1_24' title="bbox 214 3489 1218 3578; baseline -0.003 -19"><span class='ocrx_word' id='word_1_149' title='bbox 214 3494 247 3559; x_wconf 92' lang='lat' dir='ltr'>in</span> <span class='ocrx_word' id='word_1_150' title='bbox 276 3494 378 3562; x_wconf 92' lang='lat' dir='ltr'>dubio</span> <span class='ocrx_word' id='word_1_151' title='bbox 408 3501 441 3563; x_wconf 89' lang='lat' dir='ltr'>et</span> <span class='ocrx_word' id='word_1_152' title='bbox 469 3494 662 3562; x_wconf 89' lang='lat' dir='ltr'>discrimine</span> <span class='ocrx_word' id='word_1_153' title='bbox 685 3495 894 3570; x_wconf 86' lang='lat' dir='ltr'>manserunt,</span> <span class='ocrx_word' id='word_1_154' title='bbox 923 3489 1032 3558; x_wconf 88' lang='lat' dir='ltr'>donec</span> <span class='ocrx_word' id='word_1_155' title='bbox 1059 3510 1218 3578; x_wconf 88' lang='lat' dir='ltr'>supremo</span> 
     </span>
     <span class='ocr_line' id='line_1_25' title="bbox 211 3612 1218 3707; baseline -0.006 -22"><span class='ocrx_word' id='word_1_156' title='bbox 211 3617 302 3707; x_wconf 86' lang='lat' dir='ltr'>apud</span> <span class='ocrx_word' id='word_1_157' title='bbox 328 3618 463 3685; x_wconf 82' lang='lat' dir='ltr'>Plataeas</span> <span class='ocrx_word' id='word_1_158' title='bbox 482 3618 594 3706; x_wconf 75' lang='lat' dir='ltr'>praelio</span> <span class='ocrx_word' id='word_1_159' title='bbox 622 3616 751 3684; x_wconf 89' lang='lat' dir='ltr'>bellum</span> <span class='ocrx_word' id='word_1_160' title='bbox 781 3615 1006 3682; x_wconf 87' lang='lat' dir='ltr'>dirimeretur.</span> <span class='ocrx_word' id='word_1_161' title='bbox 1020 3612 1167 3680; x_wconf 75' lang='lat' dir='ltr'>Aderant</span> <span class='ocrx_word' id='word_1_162' title='bbox 1186 3618 1218 3680; x_wconf 91' lang='lat' dir='ltr'>et</span> 
     </span>
     <span class='ocr_line' id='line_1_26' title="bbox 213 3737 1217 3830; baseline -0.004 -22"><span class='ocrx_word' id='word_1_163' title='bbox 213 3743 292 3808; x_wconf 87' lang='lat' dir='ltr'>huie</span> <span class='ocrx_word' id='word_1_164' title='bbox 306 3762 428 3830; x_wconf 82' lang='lat' dir='ltr'>pugnae</span> <span class='ocrx_word' id='word_1_165' title='bbox 451 3741 557 3820; x_wconf 85' lang='lat' dir='ltr'>Naxii,</span> <span class='ocrx_word' id='word_1_166' title='bbox 580 3761 690 3828; x_wconf 89' lang='lat' dir='ltr'>neque</span> <span class='ocrx_word' id='word_1_167' title='bbox 716 3740 876 3808; x_wconf 88' lang='lat' dir='ltr'>obscuras</span> <span class='ocrx_word' id='word_1_168' title='bbox 895 3738 940 3804; x_wconf 88' lang='lat' dir='ltr'>ibi</span> <span class='ocrx_word' id='word_1_169' title='bbox 965 3744 1074 3825; x_wconf 85' lang='lat' dir='ltr'>partes</span> <span class='ocrx_word' id='word_1_170' title='bbox 1089 3737 1217 3805; x_wconf 87' lang='lat' dir='ltr'>habue-</span> 
     </span>
     <span class='ocr_line' id='line_1_27' title="bbox 215 3862 1217 3956; baseline -0.005 -25"><span class='ocrx_word' id='word_1_171' title='bbox 215 3865 346 3932; x_wconf 69' lang='lat' dir='ltr'>rante).</span> <span class='ocrx_word' id='word_1_172' title='bbox 368 3867 498 3932; x_wconf 91' lang='lat' dir='ltr'>Nomen</span> <span class='ocrx_word' id='word_1_173' title='bbox 527 3885 606 3953; x_wconf 78' lang='lat' dir='ltr'>ergo</span> <span class='ocrx_word' id='word_1_174' title='bbox 634 3884 752 3956; x_wconf 86' lang='lat' dir='ltr'>eorum</span> <span class='ocrx_word' id='word_1_175' title='bbox 778 3869 811 3930; x_wconf 90' lang='lat' dir='ltr'>et</span> <span class='ocrx_word' id='word_1_176' title='bbox 837 3862 1049 3950; x_wconf 86' lang='lat' dir='ltr'>serpentibus</span> <span class='ocrx_word' id='word_1_177' title='bbox 1067 3882 1165 3950; x_wconf 88' lang='lat' dir='ltr'>quos,</span> <span class='ocrx_word' id='word_1_178' title='bbox 1183 3862 1217 3927; x_wconf 89' lang='lat' dir='ltr'>in</span> 
     </span>
    </p>
   </div>
   <div class='ocr_carea' id='block_1_7' title="bbox 250 4076 793 4326">
    <p class='ocr_par' dir='ltr' id='par_1_7' title="bbox 250 4076 793 4326">
     <span class='ocr_line' id='line_1_28' title="bbox 250 4076 568 4147; baseline -0.009 -17"><span class='ocrx_word' id='word_1_179' title='bbox 250 4077 288 4147; x_wconf 77' lang='lat' dir='ltr'>(l)</span> <span class='ocrx_word' id='word_1_180' title='bbox 305 4077 423 4142; x_wconf 61' lang='lat' dir='ltr'>Planco,</span> <span class='ocrx_word' id='word_1_181' title='bbox 437 4076 511 4138; x_wconf 88' lang='lat' dir='ltr'>Vlll,</span> <span class='ocrx_word' id='word_1_182' title='bbox 524 4076 568 4129; x_wconf 81' lang='grc'>46.</span> 
     </span>
     <span class='ocr_line' id='line_1_29' title="bbox 252 4162 793 4236; baseline -0.009 -17"><span class='ocrx_word' id='word_1_183' title='bbox 252 4165 290 4236; x_wconf 79' lang='grc'>(2)</span> <span class='ocrx_word' id='word_1_184' title='bbox 304 4165 345 4218; x_wconf 90' lang='lat' dir='ltr'>De</span> <span class='ocrx_word' id='word_1_185' title='bbox 358 4166 510 4234; x_wconf 76' lang='lat' dir='ltr'>Moliqm&#39;t.</span> <span class='ocrx_word' id='word_1_186' title='bbox 527 4162 678 4228; x_wconf 75' lang='lat' dir='ltr'>Herodot,</span> <span class='ocrx_word' id='word_1_187' title='bbox 690 4181 717 4233; x_wconf 89' lang='lat' dir='ltr'>p.</span> <span class='ocrx_word' id='word_1_188' title='bbox 731 4162 793 4217; x_wconf 86' lang='grc'>689.</span> 
     </span>
     <span class='ocr_line' id='line_1_30' title="bbox 252 4253 536 4326; baseline -0.014 -18"><span class='ocrx_word' id='word_1_189' title='bbox 252 4254 288 4326; x_wconf 70' lang='grc'>(3)</span> <span class='ocrx_word' id='word_1_190' title='bbox 303 4255 431 4319; x_wconf 67' lang='lat' dir='ltr'>Droooa„</span> <span class='ocrx_word' id='word_1_191' title='bbox 444 4254 478 4307; x_wconf 90' lang='lat' dir='ltr'>V.</span> <span class='ocrx_word' id='word_1_192' title='bbox 493 4253 536 4306; x_wconf 76' lang='lat'>52.</span> 
     </span>
    </p>
   </div>
   <div class='ocr_carea' id='block_1_8' title="bbox 0 0 1606 5150">
    <p class='ocr_par' dir='ltr' id='par_1_8' title="bbox 0 0 1606 5150">
     <span class='ocr_line' id='line_1_31' title="bbox 0 0 1606 5150; baseline 0 0"><span class='ocrx_word' id='word_1_193' title='bbox 0 0 1606 5150; x_wconf 95' lang='lat' dir='ltr'> </span> 
     </span>
    </p>
   </div>
  </div>
 </body>
</html>
