3159 5150
830 553 968 605 -60-

396 693 486 782 quod
501 694 587 760 inter
608 714 742 782 rapaces
757 708 928 780 vagosque
943 714 1002 782 per
1023 715 1114 762 mare
1129 696 1251 783 piratas
1276 697 1398 762 exarsit

397 824 495 906 atque
510 819 684 906 agricolas,
703 818 833 908 canlpis
850 819 1035 887 insidentes
1055 826 1087 886 et
1101 821 1229 887 victum
1244 820 1308 887 sibi
1327 841 1397 887 ara·

397 949 447 1010 tro
472 948 637 1032 parantes.
669 944 786 1014 Vicere
814 951 989 1015 terrestres
1020 965 1115 1050 epea,
1145 945 1399 1031 insularumque

397 1067 512 1135 incolae
530 1089 550 1136 a
568 1074 731 1157 perpetuo
745 1071 941 1159 predonum
960 1076 1085 1155 terrore
1105 1069 1246 1147 liberati,
1265 1069 1313 1136 rei
1333 1088 1398 1135 suae

396 1213 533 1283 operam
546 1193 654 1261 securi
670 1193 748 1262 dare
767 1200 961 1285 potueruut.
980 1195 1041 1262 llla
1061 1200 1184 1273 autem,
1203 1213 1306 1281 quam
1328 1177 1396 1280 'pri-

396 1339 487 1386 mam
505 1319 713 1387 narravimus
742 1321 894 1388 Ariadnae
917 1326 950 1388 et
976 1321 1095 1387 Bacchi
1116 1320 1276 1399 fabulam,
1298 1320 1397 1387 Athe-

395 1442 567 1510 niensium
578 1446 628 1510 est
643 1441 684 1523 (Ι),
694 1443 913 1532 gloriantium
921 1441 1232 1532 quoddedignatam
1247 1443 1289 1509 ab
1298 1443 1398 1510 heroe

397 1587 458 1634 suo
474 1566 635 1635 feminam
650 1566 741 1636 haud
756 1574 972 1657 aspernatum
991 1567 1090 1634 fuerit
1104 1586 1244 1634 numen.
1262 1566 1399 1634 Aliaest
1482 1583 1484 1586 ·

397 1693 578 1761 Naxiorum
605 1694 729 1783 opinio,
756 1694 851 1781 quasi
872 1713 946 1761 eam
972 1714 1042 1760 uon
1062 1692 1248 1761 deseruerit
1276 1691 1399 1759 infidus

398 1817 610 1906 conjuxsed,
627 1819 661 1885 vi
673 1817 823 1885 aominis
835 1818 953 1901 Bacchi
969 1818 1115 1897 territus
1138 1816 1397 1884 invitusdisces·

397 1940 477 2008 serit
487 1940 531 2008 (Ι),
544 1941 687 2010 Adstans
700 1942 792 2010 enim
807 1943 837 2011 ei
848 1943 883 2009 in
894 1943 1022 2011 somnis
1033 1945 1133 2022 Deus
1144 1940 1399 2010 horrendavoce

394 2065 494 2153 jussit
525 2085 646 2138 navem
670 2066 908 2146 conscendere,
935 2068 1142 2156 patriamque
1158 2067 1231 2134 sine
1256 2064 1400 2132 Ariadna

397 2194 557 2278 repetere.
582 2191 701 2260 Dolore
722 2211 840 2259 amens
860 2192 1010 2259 Theseus
1029 2192 1124 2280 nigra
1142 2193 1221 2258 ratis
1236 2211 1305 2258 suae
1328 2191 1400 2258 vela

399 2320 529 2383 mutare
549 2314 633 2383 albis
648 2316 772 2384 oblitus
793 2320 857 2396 est,
875 2337 949 2404 qua
966 2317 1089 2384 mortis
1106 2317 1192 2404 patri
1207 2336 1307 2383 causa
1325 2315 1396 2382 luit.

442 2443 525 2510 Sunt
548 2444 649 2512 etiam
669 2445 727 2532 qui
746 2438 830 2512 duas
850 2444 955 2511 fuisse
970 2442 1174 2511 contendant
1187 2441 1396 2518 Ariadnam),
1444 2474 1447 2479 ·

398 2588 500 2635 unam
519 2589 622 2658 quam
637 2566 785 2637 Bacchus
801 2589 940 2637 uxorem
957 2567 1108 2647 duxerit,
1126 2568 1265 2636 alteram
1280 2587 1299 2635 a
1314 2566 1398 2634 The-

398 2711 455 2760 seo
475 2692 652 2771 desertam,
675 2694 771 2781 cujus
787 2692 1092 2790 sepulcrumhArgis
1113 2691 1290 2760 sevidisse
1310 2692 1397 2759 affir-

374 2803 466 2883 'mat
491 2816 670 2883 Pausanias
692 2815 753 2900 (ll,
779 2815 845 2901 23).
873 2815 967 2891 Quod
990 2816 1128 2904 quidem
1143 2816 1318 2882 confirmat
1338 2814 1397 2880 du-

396 2941 475 3030 plex
497 2938 651 3007 Ariadnae
681 2960 700 3005 a
727 2938 841 3005 Naxiis
862 2938 997 3006 habitus
1022 2939 1141 3007 horror.
1173 2939 1282 3015 Quum
1310 2938 1399 3005 enim

398 3062 540 3130 Telluris
564 3061 761 3130 fecunditati
790 3062 1054 3142 assimularetur,
1078 3082 1156 3131 vere
1181 3073 1283 3141 nove,
1306 3061 1399 3129 festis

397 3186 547 3265 ludicris,
575 3191 702 3254 naturae
722 3206 875 3254 esomno
890 3206 928 3254 ac
943 3188 1038 3275 quasi
1061 3207 1079 3255 e
1101 3188 1167 3255 leto
1191 3186 1399 3275 resurgentis
1447 3251 1449 3254 .

398 3309 558 3399 gaudium
587 3310 835 3386 celebrabatur;
860 3294 1042 3378 inclinante
1069 3315 1245 3389 autumno,
1271 3309 1397 3377 hiema-

397 3437 465 3503 lem
489 3423 644 3525 soporem
668 3441 701 3504 et
715 3433 913 3524 languorem
941 3439 1066 3502 natura
1085 3434 1247 3523 lugubres
1270 3453 1399 3522 pompa
1448 3531 1453 3542 ’

398 3570 631 3659 significabant
645 3568 690 3635 (Ι).
716 3569 930 3637 sacrosancta
964 3567 1046 3647 dea',
1073 3572 1217 3655 ἀρι-ἁγνά,
1248 3566 1401 3635 audiebat

283 3699 286 3705 ’
399 3702 518 3771 Bacchi
532 3724 628 3782 uxor,
646 3701 857 3771 fecundantis
871 3721 909 3769 ac
920 3700 1120 3770 luxuriantis
1135 3700 1205 3768 Dei.

436 3924 474 3998 (l)
491 3924 661 3988 murman,
680 3923 773 3988 Thea,
791 3921 893 3987 1333.

435 4012 473 4082 (2)
487 4013 622 4077 morona,
640 4011 687 4075 ΙΙΙ,
701 4009 732 4064 61
743 4028 750 4076 ;
762 4010 798 4071 V,
809 4008 854 4063 52.

331 4127 337 4140 ·
434 4101 472 4171 (3)
485 4102 522 4154 M.
539 4101 696 4164 Duuonna,
711 4100 763 4152 vol.
777 4098 823 4161 ΙΙΙ,
839 4116 865 4167 p.
880 4097 940 4166 108,
955 4096 1016 4150 474.

435 4191 474 4263 (4)
494 4191 605 4256 fluor,
622 4188 716 4253 Creta,
731 4187 765 4248 ΙΙ,
781 4204 809 4265 p.¹
827 4186 886 4240 128.
