3159 5150
629 603 768 658 -39-

196 755 297 838 taque
323 746 387 814 alia
394 769 416 824 ;·
434 746 519 813 illud
539 700 664 824 autem,
695 745 787 833 quod
813 747 849 811 in
879 747 952 835 ipso
980 746 1074 814 urbis
1106 747 1199 816 aditu

195 872 468 964 positum‘fuerit,
496 870 539 938 ad
558 871 652 959 quod
682 872 798 939 nullus
814 892 884 940 non
918 872 1027 940 viator
1041 873 1200 943 accedere

147 1027 151 1035 ·
195 1000 349 1090 potuerit,
367 998 459 1086 quod
472 999 620 1087 primum
635 1003 668 1068 et
687 999 808 1078 Persis,
830 1003 864 1067 et
880 966 1034 1088 Ephesiis
1048 1004 1082 1067 et
1095 1000 1198 1068 Athe-

196 1126 372 1194 niensibus
403 1126 523 1195 urbem
556 1125 790 1194 obsidentibus
823 1145 997 1193 occurrere
1033 1124 1198 1206 debuerit,

194 1251 270 1339 quis
285 1250 398 1318 credat
417 1251 571 1339 ignotum
586 1250 725 1318 omnino
736 1251 980 1339 permansisse,
997 1249 1198 1338 quumalio-
1286 1280 1289 1286 ·

195 1396 271 1442 rum
282 1374 400 1442 insulae
422 1374 585 1465 locorum,
603 1373 800 1462 Lystadum,
816 1373 899 1441 Delii
918 1356 1058 1443 nomina
1074 1374 1108 1440 in
1122 1374 1198 1442 illo-

159 1589 162 1594 ,
195 1523 271 1569 rum
293 1500 461 1568 bellorum
474 1498 722 1566 narrationibus
741 1503 939 1567 conservata
952 1499 1100 1568 fuerint?
1123 1501 1213 1586 Non¹

195 1627 297 1715 igitur
332 1623 530 1693 florentibus
563 1624 745 1693 Hellenioae
775 1624 855 1691 artis
889 1624 1099 1712 temporibus
1130 1625 1200 1693 haec

194 1753 282 1821 aedes
304 1749 536 1830 adscribenda,
561 1750 624 1818 sed
651 1750 763 1838 potius
788 1750 947 1817 Romanae
976 1751 1197 1819 dominationi

94 1953 97 1960 ¹
194 1882 294 1964 atque
305 1876 441 1943 Adriani
456 1875 603 1943 maxime
630 1874 841 1963 imperatoris
851 1874 1074 1964 temporibus
1093 1898 1199 1964 quum

190 2004 261 2090 jam
275 2022 344 2069 non
360 2000 500 2090 pulchra
513 1998 615 2067 modo
631 1999 692 2067 sed
716 1999 865 2088 ingentia
877 1999 1018 2091 aedificia
1032 2000 1196 2075 affectare,

195 2131 227 2195 ct
241 2124 392 2215 lapidum
405 2125 517 2193 trabes
527 2144 694 2205 enormes,
710 2125 887 2192 columnas
897 2124 1102 2192 monolithus
1117 2145 1199 2193 one·
1227 2211 1231 2220 Ι

193 2271 296 2339 raque
311 2226 472 2317 immania
490 2253 726 2338 transportare,
747 2248 908 2338 expolire,
929 2248 1073 2317 evehere
1088 2269 1198 2337 ooepe-

194 2381 283 2445 ruut.
301 2375 365 2444 Sed
379 2376 575 2464 ingruentes
604 2395 643 2442 ea
666 2379 762 2442 aetate
782 2375 922 2464 imperio
937 2376 1087 2442 Romano
1115 2373 1201 2442 cala-

193 2502 326 2568 mitates
350 2499 545 2598 impediisse
576 2499 718 2567 arbitror
749 2519 794 2567 ne
821 2519 942 2566 manus
961 2498 1079 2566 ultima
1107 2499 1199 2590 operi

117 2645 123 2656 ’
194 2632 433 2719 imponeretur.
444 2628 725 2708 Buondelmonte,
740 2629 794 2696 oui
801 2630 872 2717 jam
882 2628 1198 2718 Apollinisstatuam

194 2760 369 2839 debemus,
386 2781 493 2847 quum
525 2758 582 2827 vix
610 2758 716 2826 audiit
741 2758 776 2825 iu
797 2756 907 2825 insula
933 2758 1099 2848 templum
1124 2778 1199 2826 essa

193 2882 350 2971 idemque
358 2873 487 2951 Baccho
500 2886 744 2961 consecratum,
755 2883 827 2970 jam
838 2881 901 2949 sibi
911 2887 989 2951 ante
1004 2883 1119 2951 oculos
1133 2904 1197 2951 nu-

193 3028 272 3075 men
283 3006 369 3073 illud
379 3007 488 3095 fingit,
505 3007 604 3094 quale
619 3006 735 3074 videre
746 3007 866 3074 solitus
880 3012 961 3086 erat,
973 3006 1198 3096 describitque
1249 3062 1252 3066 .

193 3130 363 3198 somnium
383 3128 525 3197 suumi¹l
546 3155 563 3191 «
578 3130 706 3224 Baccho
725 3129 877 3197 dedicata
890 3132 1013 3209 Naxos,
1032 3132 1089 3218 qui
1111 3130 1198 3199 scul-
1296 3205 1302 3216 ,

191 3253 270 3336 ptus
280 3266 383 3335 prope
403 3246 582 3336 oppidum,
595 3267 689 3336 puer,
707 3246 791 3314 facie
808 3245 978 3327 muliebri,
1004 3247 1099 3315 nudo
1117 3268 1196 3336 pec-

191 3383 274 3454 tore,
311 3376 417 3464 capite
451 3380 602 3451 cornuto,
633 3375 759 3444 vitibus
784 3381 960 3454 coronate,
989 3380 1022 3443 et
1050 3376 1085 3442 in
1106 3375 1198 3463 tigri-

191 3498 256 3566 bus
276 3498 469 3587 equitando.
483 3525 499 3562 »
516 3498 615 3566 Nulla
627 3499 748 3566 similis
766 3503 874 3567 statua
894 3519 1004 3587 neque
1026 3499 1060 3565 in
1087 3500 1198 3568 insula

192 3627 381 3714 Strongyle,
404 3646 515 3714 neque
533 3625 599 3693 alio
619 3626 689 3693 ullo
702 3626 786 3693 Naxi
797 3626 832 3693 in
846 3626 921 3694 lcco
932 3631 983 3694 est
994 3626 1140 3695 inventa.

226 3874 265 3944 (l)
279 3873 367 3927 Liber
379 3874 482 3934 insul„
497 3875 540 3927 cb.
554 3889 659 3936 xxxru,
673 3892 700 3945 p.
716 3875 759 3928 96,
851 3933 853 3939 ,
