3159 5150
711 563 715 572 '
804 572 945 628 -46-

377 716 554 805 degebant.
572 714 725 783 Pastores
744 715 845 783 etiam
859 716 923 784 sub
934 715 1079 805 pellibus
1090 735 1151 805 per
1162 721 1323 795 oseem,
1340 722 1379 783 ut
1443 701 1448 711 ’

358 839 580 910 ‘ethodierni
594 839 703 920 Nerui,
721 839 898 921 durabant,
921 840 1099 929 pecoribus
1115 841 1185 909 suis
1202 840 1378 930 invigilan-

371 971 433 1034 tes.
451 964 504 1033 Sie
517 968 550 1032 et
562 964 712 1032 inAttioa
722 964 886 1033 nrhsuna
903 970 984 1045 erat,
999 965 1150 1043 Athenae,
1175 970 1285 1034 cetera
1301 970 1375 1033 tan-

371 1095 446 1156 tum
458 1082 546 1177 pagi,
558 1087 850 1177 agricolarumque
864 1087 1044 1157 domicilia.

415 1213 503 1281 Olim
524 1233 606 1282 vero
635 1211 678 1280 ad
701 1212 843 1281 tutelam
866 1233 980 1287 rerum
1003 1214 1260 1303 hominumque,
1281 1215 1376 1302 siqua

371 1338 554 1427 piratarum
572 1342 630 1406 aut
649 1335 847 1427 praedonum
863 1337 972 1406 subita
988 1338 1041 1406 m's
1055 1339 1237 1427 ingrueret,
1257 1359 1373 1427 surge-

288 1480 289 1484 *
367 1461 454 1529 ¹hant
468 1459 639 1530 hincinde
653 1466 762 1530 turres
776 1482 922 1550 quarum
937 1460 1012 1530 duae
1031 1439 1194 1531 haetenus
1217 1481 1373 1552 permen-

370 1591 497 1666 serunt,
523 1587 681 1656 Gataraoti
705 1591 738 1655 et
757 1586 989 1654 Chimarrhou.
1015 1586 1068 1654 Sic
1087 1590 1120 1655 et
1151 1585 1258 1654 Medio
1277 1586 1371 1663 AEv0,

370 1709 428 1778 uhi
442 1731 511 1779 non
525 1711 607 1778 satis
621 1715 693 1778 tuta
711 1709 890 1778 hominum
909 1711 989 1790 vita,
1016 1709 1270 1800 opulentissima
1283 1728 1372 1797 quae-

369 1854 435 1923 que
449 1834 570 1902 domus
585 1835 620 1902 in
640 1826 767 1902 castelli
780 1834 924 1902 formam
939 1834 1091 1902 et'usum
1113 1834 1274 1902 aedifieata
1289 1839 1370 1902 erat.

369 1950 482 2018 Stabat
500 1936 623 2040 quippe
641 1951 742 2018 turris
765 1951 844 2032 alta,
862 1951 957 2018 rimis
971 1952 1082 2040 potius
1104 1971 1206 2038 quam
1218 1948 1373 2018 fenestris

369 2080 492 2164 aperta,
522 2074 611 2143 vallo
638 2080 672 2145 et
699 2076 790 2144 fossa
818 2075 938 2156 ainata,
970 2096 1049 2142 oum
1068 2079 1169 2164 ponte
1190 2074 1249 2161 qui
1276 2078 1373 2140 noete

369 2199 507 2268 ineunte
533 2199 724 2280 tollebatur,
751 2198 974 2288 adituque'ad
1004 2204 1134 2289 portam
1155 2202 1369 2288 peranguste.

369 2323 478 2392 Hodie
496 2324 596 2392 fossae
610 2324 718 2414 planae
735 2329 825 2404 sunt,
836 2344 922 2412 pons
932 2323 1059 2405 nullus,
1073 2330 1106 2392 et
1116 2344 1272 2411 accessus
1285 2322 1373 2392 villar

370 2449 530 2518 omnihus
554 2453 683 2546 patens.
705 2450 746 2516 At
766 2448 802 2517 in
820 2450 938 2538 graeois
953 2450 1059 2518 saneti
1075 2452 1091 2518 J
1095 2450 1212 2518 oannis
1227 2449 1370 2536 Chryso-

368 2571 1369 2663 sternietsanetaeRevalataet‘Apagpaveponmmgtmonasteriis,

368 2697 427 2765 ubi
445 2717 557 2766 mores
576 2698 676 2787 prisei
688 2669 830 2766 'fidelius
848 2699 970 2767 retenti
988 2703 1079 2779 sunt,
1102 2697 1193 2767 idem
1214 2700 1253 2766 fit
1273 2703 1372 2787 atque

367 2826 445 2890 ante
463 2822 535 2889 haee
554 2822 630 2920 duo
648 2822 772 2890 secula.
795 2824 941 2912 Vespere
969 2821 1151 2897 occidente,
1169 2822 1372 2890 clauduntur
1420 2828 1424 2834 ’

367 2950 480 3035 porta,
498 2945 627 3013 tollitur
636 2935 733 3034 pons,
744 2966 808 3014 neo
822 2947 1002 3035 quisquam
1016 2946 1252 3014 intromittitur
1265 2947 1371 3036 prius-

367 3080 469 3150 quam
484 3059 642 3129 illuxerit.
660 3062 757 3143 Tum,
775 3083 883 3151 quum
899 3082 1060 3152 campana
1070 3063 1213 3130 exterior
1231 3063 1284 3146 sit,
1302 3082 1370 3129 non
1483 3103 1484 3106 =

367 3204 538 3274 campanae
556 3206 652 3267 sono,
669 3185 729 3255 sed
751 3187 838 3255 alius
863 3185 1039 3276 eujusdam
1071 3187 1247 3266 maehinae,
1269 3206 1369 3275 quam

366 3309 593 3379 indicatriaem
628 3315 750 3379 vocant
774 3313 971 3399 (σημάντρων),
1002 3329 1021 3377 e
1058 3330 1178 3378 somno
1207 3309 1251 3379 ad
1278 3328 1371 3378 saera

367 3431 522 3502 adeunda
536 3434 723 3504 excitantur
740 3436 909 3503 monaehi.
