3159 5150
647 543 787 599 -53-

215 688 319 754 Cretae
336 686 525 776 adscripta?
553 690 727 775 Nusquam
750 687 833 755 alias
858 695 1083 766 memoratur;
1112 709 1174 756 nec
1201 711 1232 757 a·

217 810 323 878 Plinio
337 810 475 899 quidem
492 812 654 900 catalogo
672 832 774 899 quern
796 811 862 888 dat,
885 819 1003 899 quarto
1018 813 1117 890 libro,
1138 834 1221 902 prae·

187 924 191 931 ’
215 934 391 1022 cipuarum
401 937 503 1003 Creta
523 935 671 1014 urbium,
693 934 858 1024 adjicitur,
878 956 989 1024 neque
1004 959 1120 1005 rursus
1135 939 1221 1006 inter

215 1061 314 1150 Cypri
339 1059 461 1149 oppida
482 1059 733 1127 adnumeratur.
766 1063 840 1126 Non
865 1067 993 1150 poterat
1016 1067 1128 1130 autem
1152 1083 1221 1130 non

215 1185 289 1274 ejus
315 1185 510 1253 meminisse
539 1185 701 1274 scriptor,
726 1185 769 1253 de
794 1206 860 1273 qua
890 1192 1007 1273 terque
1036 1193 1219 1275 quaterque

214 1308 434 1396 sequentibus
450 1300 544 1376 libris
568 1309 775 1377 mentionem
790 1310 939 1377 facturus
959 1316 1020 1378 est.
1046 1312 1219 1388 Quomodo

213 1432 345 1505 autern,
370 1428 398 1493 si
423 1427 518 1495 Naxii
542 1427 673 1515 lapides
694 1447 712 1495 e
740 1429 835 1495 Creta
854 1429 907 1495 vel
928 1449 946 1495 e
965 1430 1073 1517 Cypro
1099 1450 1218 1518 prore-

213 1552 322 1631 niunt,
340 1551 380 1618 iis
394 1551 537 1619 Creticos
560 1558 593 1618 et
605 1551 843 1630 Arsinoeticos,
862 1552 959 1620 idest
972 1553 1153 1641 Cyprianus
1173 1554 1217 1633 (¹),

213 1675 372 1764 opponit?
386 1677 460 1742 lam
476 1696 551 1763 quat
570 1680 621 1744 est
635 1676 699 1743 ista
713 1677 811 1742 Plinii
825 1697 903 1742 oum
919 1678 1038 1745 ceteris
1053 1679 1147 1765 quasi
1162 1698 1221 1766 per

213 1800 284 1868 vim
299 1798 501 1867 eoncordia?
522 1801 547 1866 E
562 1802 669 1888 Cypro
684 1821 727 1868 au
742 1821 761 1868 e
780 1801 875 1867 Creta
890 1801 1041 1868 oriuudae
1056 1807 1168 1869 cotes?
1187 1801 1220 1868 Si

213 1944 234 1992 e
248 1926 366 2012 Cypro,
384 1945 443 1991 our
458 1924 515 1991 ille
530 1926 684 1992 omnium
699 1946 885 1992 consensus
900 1928 1029 1994 Cretam
1045 1926 1221 1993 nominan-

215 2050 324 2114 tium?
349 2048 382 2115 Si
403 2068 421 2115 e
441 2048 545 2127 Creta,
570 2069 629 2115 eur
648 2049 794 2137 Cyprum
814 2069 903 2116 unus
922 2050 1054 2138 scripsit
1069 2049 1220 2115 Plinius?

214 2176 294 2249 Qua
308 2177 421 2240 autem
433 2173 495 2240 ista
511 2172 610 2247 luerit
625 2173 835 2241 consuetudo
847 2174 989 2263 lapides
1007 2195 1025 2242 e
1047 2176 1153 2263 Cypro
1186 2176 1220 2241 in

213 2301 343 2367 Cretam
361 2303 510 2387 portatos
523 2299 581 2366 uhi
595 2298 888 2379 concinnarentnr,
906 2300 985 2367 inde
1005 2302 1147 2368 Romam
1164 2300 1222 2368 ad-

94 2415 100 2423 ’
213 2425 315 2493 vehi?
340 2425 405 2491 Cur
423 2431 456 2492 et
473 2426 677 2494 Armeniacae
696 2431 730 2494 et
748 2427 951 2515 AEgyptiacae
970 2430 1062 2493 cotes
1078 2427 1112 2493 in
1127 2447 1219 2494 eam-

212 2546 291 2616 dem
312 2546 431 2615 nrhem
446 2548 562 2615 Naxon
585 2567 653 2614 non
669 2546 886 2615 ferebantur?
906 2548 991 2614 Tum
1012 2548 1218 2635 Hezyehius,

212 2678 390 2762 postquam
405 2676 506 2768 Ναξίοιν
521 2680 609 2751 λίθον,
627 2679 680 2740 ἀπο
695 2676 785 2752 Νάξου
801 2681 911 2750 πόλεως
926 2672 1103 2740 oriundam
1124 2672 1217 2749 dixit,

213 2796 305 2864 addit
322 2821 330 2862 t
347 2799 437 2877 Νάξος
452 2802 511 2884 ἱερὰ
529 2804 696 2864 Διονύσου...
719 2797 798 2873 Quae
825 2803 876 2864 ast
896 2802 1008 2864 autem
1035 2816 1075 2864 ea
1096 2798 1218 2873 NaXOS,

214 2920 342 3012 Baccho
362 2920 532 3000 dedicata,
557 2920 585 2987 si
609 2941 678 2988 non
697 2920 808 2988 insula
829 2928 879 2989 est
900 2919 1082 3017 Cycladum
1101 2926 1219 3008 poten-

215 3045 370 3113 tissima?

250 3293 286 3365 u)
306 3295 396 3362 rua,
413 3294 451 3348 a.
463 3294 515 3361 ru,
529 3311 557 3361 v,
573 3294 617 3351 35.
632 3296 704 3350 uras
718 3295 800 3367 cypri
814 3297 936 3348 arsinoe.
1001 3261 1009 3273 ’
