3159 5150
637 609 776 663 ..ffl-

236 760 282 826 Eo
296 758 387 847 apud
404 759 527 825 Nexios
542 758 691 826 Bacchus
709 756 850 825 florebat
874 757 1014 843 honore,
1046 763 1083 823 ut
1108 762 1194 824 tem-

192 883 239 971 pli
258 884 332 972 ejus
357 882 524 963 sacerdos,
546 902 614 950 nou
639 880 751 949 solum
775 886 962 947 ceterorum
981 881 1126 947 Deorum
1141 901 1195 947 sa-

87 1024 90 1033 ·
193 1007 385 1076 oerdotibus
400 1012 580 1096 prestaret,
602 1004 662 1074 sed
686 1006 785 1073 etiem
802 1024 969 1072 annorum
984 1003 1137 1072 ordinem
1165 1012 1198 1072 et

193 1131 316 1199 seriem
335 1132 473 1199 nomine
489 1153 550 1200 suo
570 1131 771 1219 designaret.
800 1132 885 1219 Ergo
903 1130 1083 1219 quotannis
1101 1150 1196 1218 apo-
1255 1138 1258 1147 ’

193 1256 274 1345 pulo
291 1256 477 1344 eligebatur
505 1277 594 1324 unus
609 1277 651 1324 ex
671 1257 840 1345 primariis
860 1256 1013 1335 civitatis,
1030 1256 1088 1343 qui
1106 1251 1198 1322 hune

193 1380 291 1467 quasi
314 1381 549 1469 magistratum
575 1386 705 1468 gereret
721 1387 758 1448 et
783 1380 884 1447 rebus
904 1381 1018 1459 saeris,
1036 1380 1150 1447 forsan
1165 1386 1198 1447 et

194 1502 349 1571 civilibus
361 1504 577 1592 quibusdam,
596 1510 766 1593 praeesset.
781 1505 895 1571 Exstat
909 1503 1011 1593 hujus
1027 1504 1075 1570 rei
1093 1502 1196 1570 doou-

194 1633 350 1696 mentum
361 1627 405 1708 (ἢ,
424 1627 596 1696 decretum
622 1629 741 1717 primis
756 1628 864 1715 quarti
879 1627 933 1695 vel
949 1627 1077 1694 ultimis
1090 1626 1199 1714 quinti

194 1758 271 1821 ante
291 1754 459 1821 Christum
484 1759 601 1821 natum
631 1754 737 1821 seculi
759 1752 857 1820 annis
875 1751 1147 1829 adscribendum,
1165 1752 1199 1816 in

196 1899 264 1965 quo
285 1877 404 1944 Bacchi
428 1877 584 1945 sacerdos
603 1878 686 1944 Naxi
705 1897 896 1964 eponpmus
911 1876 1124 1974 magistratus
1138 1873 1198 1941 de-

197 2004 350 2070 claretur.
365 2004 482 2071 Postea
490 2010 615 2082 tamen,
629 2002 693 2069 sub
709 2004 858 2069 Romana
873 2001 1010 2080 ditione,
1028 2002 1082 2069 vel
1097 2001 1199 2068 etiam

192 2129 262 2216 jam
273 2133 501 2217 postmortem
511 2125 703 2204 Alexandri,
713 2126 969 2205 Ptolemaeorum
980 2125 1198 2204 aetate,alium

196 2251 239 2318 ad
262 2252 495 2340 magistratum
519 2252 628 2318 honos
661 2251 718 2318 ille
739 2250 930 2317 translatus.
960 2248 1200 2317 luvadentihus

196 2376 287 2443 enim
313 2376 474 2443 Graeoiam
501 2375 598 2443 novis
617 2374 659 2442 ah
684 2374 818 2441 Oriente
833 2378 982 2441 extremo
993 2372 1101 2440 allatis
1121 2371 1199 2438 reli-

87 2548 94 2563 .
197 2499 366 2588 gionibus‚
385 2499 613 2567 desuererunt
627 2505 740 2567 vetera
755 2498 896 2565 numina
914 2496 991 2576 eoli,
1013 2516 1099 2585 eque
1118 2496 1198 2562 alte-

197 2615 302 2694 ribuS,
325 2621 362 2682 ut
390 2616 464 2703 ipsa
493 2617 602 2704 priora
630 2614 831 2703 dejecerant,
854 2614 981 2701 dejecta
999 2617 1089 2679 sunt.
1108 2613 1199 2679 Turro

199 2741 252 2808 vel
264 2741 350 2808 alius
360 2741 537 2829 eujusdam
551 2741 610 2808 Dei
625 2738 794 2819 sacerdos
812 2738 867 2807 vel
881 2738 1048 2826 gymnasii
1063 2758 1198 2827 praeses,

81 2875 84 2882 '
198 2867 252 2934 vel
281 2867 388 2933 oivilis
417 2866 554 2954 quidam
582 2872 639 2934 aut
661 2865 814 2933 militaris
839 2865 1053 2952 magistratus
1078 2885 1202 2953 epony-

198 2996 291 3057 matu
308 2989 374 3057 frui
387 2990 616 3078 cooperante).
635 2989 801 3067 Quamdiu
816 2994 929 3056 autem
944 2988 1101 3056 hellenioi
1124 3010 1201 3057 vere

197 3117 307 3184 oultus
325 3117 523 3195 floruerunt,
549 3137 674 3183 munus
695 3116 760 3183 hoo
778 3135 883 3203 penes
907 3114 1026 3181 Baoohi
1044 3114 1200 3183 sacerdo-

199 3248 269 3307 tem
287 3239 361 3306 fuit.
1077 3321 1079 3324 Ι

243 3364 355 3431 Nexiae
370 3368 522 3442 monetae,
539 3361 690 3450 quolibet
708 3383 749 3431 ex
768 3364 917 3443 metelle,
930 3362 1079 3451 qualibet
1093 3369 1199 3443 aetate,

201 3486 318 3554 Baoohi
333 3488 388 3555 vel
407 3488 515 3575 figure
537 3487 594 3555 uel
622 3488 729 3576 eapite
753 3489 928 3580 distinctae.
952 3489 1202 3556 Recentiorihus

200 3617 332 3679 tantum
343 3613 503 3701 juvenilis
518 3597 575 3680 illa
595 3599 822 3701 imberbisq'ue
837 3614 907 3691 Dei,
925 3634 1027 3701 quam
1045 3613 1203 3681 novimus

201 3736 332 3825 proprie
351 3735 550 3803 hellenioam
565 3736 681 3812 fuisse,
703 3736 805 3804 faoies
823 3737 985 3825 impressa
996 3745 1063 3830 est.
1082 3740 1203 3806 Ceterae

237 4066 275 4140 ll)
292 4067 419 4134 umora,
436 4069 463 4122 C.
479 4067 504 4121 Ι.
518 4069 564 4131 G„
579 4087 609 4122 no
618 4068 697 4122 2268.

237 4158 272 4229 (2)
289 4159 357 4213 Vide
376 4159 444 4211 infra
462 4159 649 4227 inscriptiones
662 4155 733 4208 Naxi
751 4161 871 4225 repertos
889 4174 895 4208 :
910 4154 948 4207 N⁰
963 4155 1003 4219 60,
1023 4144 1085 4212 Ἐπὶ
1102 4171 1205 4230 γυμνα-

204 4258 417 4334 σιαρχοῡντος..,
435 4255 473 4308 N⁰
487 4255 526 4320 ὃν,
546 4245 608 4339 'Epi
622 4253 824 4332 δημιούργου...
838 4250 932 4331 ἱερέως
946 4251 975 4310 δὲ
989 4256 1039 4326 τῆς
1056 4241 1160 4308 Ῥόδου.
