3159 5150
410 1405 429 1450 Α
453 1405 587 1452 mnblcls
605 1406 721 1452 BELLIS
737 1405 781 1452 ΑΙ)
806 1405 962 1453 GRAEGIAM
986 1408 1007 1452 Α
1027 1406 1173 1454 ROMANIS
1199 1408 1369 1456 SUBACTAM

430 1721 590 1798 Quintum
621 1727 653 1789 et
686 1721 887 1789 vicesimum
911 1724 982 1810 jam
1013 1743 1141 1790 annum
1180 1722 1257 1790 Asia
1274 1723 1392 1803 ‚Minor
1485 1770 1489 1781 .

386 1846 505 1933 Magno
525 1846 700 1913 Persarum
716 1846 798 1932 Regi
813 1845 1001 1913 obediebat.
1019 1847 1137 1914 Graecae
1151 1867 1230 1915 vcro
1241 1847 1388 1927 colonia,

385 1990 578 2058 quanquam
592 1970 745 2059 proximo
757 1977 896 2059 satrapae
915 1991 1067 2038 annuum
1082 1971 1247 2038 tributum
1264 1971 1389 2059 pende·
1428 1951 1431 1955 ’

385 2094 476 2174 bant,
502 2094 684 2182 quamdam
696 2095 903 2164 retinuerant
917 2095 1118 2174 libertatem,
1140 2096 1293 2182 tyrannis
1308 2082 1392 2162 indi-

384 2219 481 2307 genis
496 2218 648 2289 subdita.
672 2220 775 2288 Mileti
798 2227 879 2287 tunc
903 2221 1064 2308 regnabat
1087 2221 1253 2299 Histiaens
1276 2219 1389 2308 magni

383 2334 587 2430 audacisque
606 2343 732 2431 ingenii
760 2345 822 2422 vir,
845 2343 1058 2431 multumque
1086 2343 1183 2411 Dario
1210 2343 1387 2431 gratiosus.

385 2468 447 2544 itui
474 2474 587 2561 tamen
617 2465 666 2534 itti
689 2467 782 2535 haud
807 2469 852 2536 ita
875 2470 1038 2548 confisus
1066 2467 1178 2537 aulam
1208 2489 1304 2537 suam
1332 2490 1390 2558 pro

384 2572 515 2682 carcere
530 2595 679 2675 dederat,
698 2596 838 2663 honoris
853 2597 976 2685 specie,
992 2616 1104 2684 neque
1118 2596 1316 2685 permiserat
1334 2616 1389 2662 ur-

384 2720 463 2788 bem
477 2720 617 2809 patriam
646 2726 684 2787 ut
710 2725 886 2809 repeteret.
915 2721 1041 2787 Locum
1060 2720 1163 2808 igitur
1186 2720 1259 2808 ejus
1286 2738 1391 2808 nepos

347 2891 349 2896 ·
383 2844 591 2932 Aristagoras
615 2843 809 2933 occupabat,
827 2826 896 2931 qui
913 2844 968 2911 vix
988 2844 1124 2912 exsules
1137 2843 1261 2911 Naxios
1287 2842 1391 2910 audiit

383 2967 562 3055 magnifice
578 2967 620 3035 de
639 2972 719 3035 seet
737 2967 843 3056 patria
857 2988 917 3034 sua
936 2967 1125 3055 loquentes,
1145 2964 1391 3055 imperiumque

384 3093 565 3181 Cycladum
593 3093 746 3161 omnium
768 3093 953 3160 restitutori
984 3111 1045 3160 sno
1078 3088 1289 3180 pollicentes
1326 3090 1388 3156 im-

383 3240 502 3288 mensa
529 3220 688 3309 cupidine
709 3220 834 3310 gloria
861 3219 964 3287 simul
987 3226 1021 3287 ct
1047 3217 1205 3307 potentiae
1224 3216 1387 3306 flagravit.

296 3317 299 3323 ¹
383 3349 553 3436 satrapam
575 3346 698 3434 Lydia,
716 3347 774 3436 qui
789 3345 948 3415 Sardibus
967 3344 1150 3424 habitabat,
1169 3342 1260 3423 adiit,
1283 3349 1322 3411 ut
1341 3363 1390 3411 se·

384 3491 461 3538 cum
492 3469 742 3559 expeditionem
768 3469 810 3537 ad
838 3472 954 3537 Naxon
986 3467 1217 3557 occupandam
1247 3471 1386 3557 pararet.

383 3594 476 3661 Tune
493 3615 596 3681 quam
627 3599 746 3684 potens
782 3613 822 3661 ea
842 3596 931 3661 assat
960 3591 1071 3659 insula
1099 3591 1387 3666 commemoravit,

383 3717 470 3785 inter
488 3722 614 3785 ceteras
637 3716 797 3805 Cycladas
820 3716 1059 3784 florentissima
1075 3715 1117 3793 (ί),
1154 3714 1297 3782 nauticis
1323 3712 1390 3803 opi·
1428 3798 1431 3802 J

383 3843 447 3911 bus
466 3843 697 3931 classibusque
716 3844 888 3920 instructa,
911 3841 1035 3910 divitiis
1055 3847 1089 3908 et
1114 3840 1260 3908 servitiis
1279 3839 1389 3906 abun-

383 3967 598 4045 dantissima,
630 3987 705 4054 quaa
731 3974 805 4035 octo
839 3965 944 4032 millia
977 3969 1184 4032 armatorum
1213 3964 1249 4029 'in
1283 3963 1389 4031 aciem
1417 3963 1420 3974 '

419 4223 457 4295 (l)
473 4222 591 4289 Hauon,
607 4220 642 4284 V,
657 4221 702 4288 28,
719 4219 764 4286 30,
777 4219 821 4274 31.
