3159 5150
619 562 753 616 -71-
813 520 815 523 ⁵

158 702 292 789 ¹guinei
315 702 448 781 fuerint,
471 704 563 773 itaut
576 708 769 775 communia
784 709 919 797 Mylasea
940 710 1101 777 sacrificia
1123 711 1181 778 ha-

177 826 322 906 buerint,
339 848 382 894 an
396 848 415 896 e
430 829 639 916 Cycladibus
653 832 762 920 priore
777 853 839 900 suo
854 832 1038 912 domicilio,
1057 833 1090 901 iu
1102 856 1181 902 con-

177 948 342 1018 tinentem
356 957 479 1020 terram
499 956 819 1045 transmigraverint.
839 959 957 1024 Narrat
971 957 1135 1027 Diodorus
1147 958 1181 1012 (¹)

179 1094 236 1141 eos
268 1095 287 1143 e
314 1077 419 1166 patria
448 1099 520 1158 sua,
549 1081 676 1148 Latmia
700 1081 795 1160 urhe,
817 1082 945 1171 pulsos
976 1082 1012 1147 in
1036 1083 1181 1151 insulam

176 1201 304 1279 Naxon,
318 1202 499 1271 Polemone
509 1209 681 1293 regnante,
698 1205 890 1285 advenisse,
907 1228 982 1294 quae
995 1215 1072 1296 post
1080 1208 1182 1276 Thra·

179 1344 257 1391 cum
275 1324 464 1393 discessum
501 1347 605 1396 vacua
630 1335 711 1397 erat.
740 1330 914 1398 Polemoni
937 1332 1099 1400 successit
1116 1334 1182 1399 Na-

179 1469 240 1515 xos
255 1447 300 1529 (²),
321 1450 443 1519 virtute
462 1457 495 1519 et
508 1451 716 1534 fortitudine,
737 1455 867 1545 origine
888 1456 990 1523 etiam
1006 1455 1121 1524 divina
1140 1456 1185 1524 ita

180 1575 300 1654 olaruS,
331 1583 368 1669 ut
389 1578 508 1645 insulae
535 1598 660 1669 nomen
685 1601 786 1648 suum
816 1580 986 1650 indiderit.
1022 1583 1185 1671 Regnavit

179 1706 295 1790 postea
325 1702 416 1769 filius
440 1703 514 1791 ejus
533 1704 733 1792 Leucippus,
755 1710 829 1772 tum
857 1704 1030 1773 Smerdius
1063 1725 1182 1793 nepos

179 1827 275 1915 cujus
296 1827 506 1917 temporibus
522 1829 693 1920 appulisse
712 1828 755 1897 ad
782 1830 894 1897 littora
910 1829 1030 1897 insulae
1053 1849 1183 1899 memo-

180 1956 271 2018 ratur
285 1951 446 2019 Theseus.

224 2077 269 2143 lla
286 2082 382 2144 aetate
396 2070 617 2146 constitutum
637 2071 746 2146 fuerat
759 2080 920 2167 primum,
947 2078 1039 2167 quod
1058 2078 1102 2146 ad
1123 2099 1186 2146 nos

179 2180 550 2282 t'amatraditumfuerit,
558 2204 659 2271 maris
669 2204 850 2291 imperium
862 2204 905 2269 (³).
914 2203 1033 2282 Minos,
1044 2223 1103 2272 rex
1113 2205 1188 2270 Cre-

180 2329 338 2407 tensium,
364 2351 471 2417 quum
494 2312 691 2418 praedonum
718 2330 928 2397 incursiones
954 2350 1043 2418 aegre
1066 2329 1183 2408 ferret,

180 2452 342 2545 adversus
356 2460 413 2521 eos
432 2454 576 2522 navihus
590 2453 761 2522 instructis
776 2453 869 2532 ierat,
883 2454 1056 2553 victosque
1073 2452 1116 2520 ad
1131 2451 1188 2520 de-

180 2577 342 2656 ditionem
352 2584 385 2646 et
399 2599 516 2667 pacem
531 2578 716 2667 redegerat.
730 2581 778 2646 lta
794 2580 972 2668 plerasque
989 2577 1183 2665 Cycladum,

182 2703 295 2770 missis
309 2703 412 2770 etiam
426 2702 461 2769 in
475 2704 638 2791 plurimas
658 2704 786 2770 colonis
806 2709 839 2772 et
853 2702 1030 2792 praesidiis,
1054 2702 1118 2769 suh
1134 2701 1186 2768 di-

179 2829 269 2896 tione
280 2827 435 2896 hahehat.
453 2831 551 2895 Cares
566 2833 645 2895 tunc
666 2827 806 2915 Leleges
818 2827 1084 2915 appellabantur,
1097 2847 1183 2914 prae-

180 2954 381 3041 cipuamque
405 2957 582 3050 nautarum
596 2958 725 3042 partem
745 2953 847 3039 regiis
866 2950 1011 3019 navihus
1036 2950 1188 3038 imperati

181 3075 451 3166 suppeditabant.
469 3078 567 3145 Nulla
582 3097 661 3145 vero
671 3076 865 3165 pendebant
881 3074 1016 3153 tributa,
1034 3093 1145 3161 neque
1154 3072 1188 3139 id

181 3209 250 3271 erat
261 3203 393 3283 Minois,
410 3203 589 3292 fratrisque
603 3205 688 3293 ejus,
700 3202 987 3280 Rhadamanthus,
1007 3201 1188 3290 imperium

181 3349 248 3415 quo
263 3327 415 3417 oppressi
430 3334 615 3416 gemerent.
632 3325 775 3395 lustitiae
790 3327 882 3395 enim
897 3331 930 3394 et
945 3324 1111 3412 aequitatis
1126 3324 1187 3390 oh-

181 3452 348 3521 servantia
367 3458 493 3519 tantam
508 3451 573 3519 sihi
589 3452 730 3540 gloriam
746 3452 846 3519 amho
870 3469 1118 3540 comparavere,
1138 3455 1186 3527 ut,

180 3579 284 3645 'etiam
312 3584 389 3667 post
416 3584 570 3656 mortem,
589 3578 624 3643 in
641 3578 758 3645 inferis
783 3578 861 3665 jura
881 3575 960 3643 dare
981 3574 1184 3642 dicerentur.

184 3701 353 3768 Exstincto
364 3705 478 3784 autem
492 3700 759 3779 Rhadamantho,
774 3700 861 3767 inter
876 3700 965 3766 tilios
981 3705 1189 3788 nepotesque

144 4097 149 4104 ,
220 3939 547 4100 ἓὲζέιῖεῗᾸΝῗΡοιϊΗἾ
564 4030 686 4096 Cretica,
705 4031 775 4085 dixit
793 4031 901 4085 Naxum
922 4032 1046 4102 Apolline
1066 4035 1093 4083 et
1112 4045 1190 4098 nym-
1214 3999 1216 4001 .

183 4122 238 4191 pha
249 4121 402 4174 Acacallide
416 4125 515 4174 ortum.
530 4119 591 4189 (Fr.
606 4120 681 4173 Hist.
695 4120 786 4174 Groec.
804 4121 907 4188 nidor.)

219 4208 258 4278 (3)
271 4209 403 4273 Dionea,
413 4207 448 4273 V,
463 4206 509 4273 51,
523 4204 567 4273 53,
578 4206 623 4259 78.
636 4235 669 4249 -
683 4207 821 4272 Teucro„
838 4207 859 4272 t,
875 4207 900 4261 4.
