3159 5150
609 563 748 619 ...35-

176 709 345 797 antiquus,
366 708 540 776 Distomou
559 713 660 797 puteo
680 688 717 776 01
726 707 853 796 duplici
866 727 924 776 ore
941 713 974 777 et
991 710 1101 797 operis
1120 730 1178 799 ap-

176 839 292 924 paratu
321 833 453 913 similis,
480 833 670 901 lavantibus
698 837 810 901 vestes
833 806 912 929 suas
940 833 1051 902 solum
1073 834 1177 902 utilis.

177 958 338 1025 Collectas
352 957 496 1046 pluvias,
506 957 571 1024 ·vel
581 956 737 1044 quaesitas
751 957 869 1045 procul
880 978 900 1025 a
911 957 1014 1026 fluuio
1024 957 1181 1047 lymphas
1270 1036 1274 1043 ⁸

87 1167 90 1175 Ι
177 1081 299 1148 bibunt
321 1081 448 1148 incolae.
468 1082 509 1147 At
527 1081 597 1150 haec
616 1087 667 1149 est
692 1083 846 1150 omnium
864 1082 934 1150 fere
959 1083 1088 1150 arcium
1104 1103 1182 1151 con-

179 1208 271 1289 111110,
296 1213 333 1275 111
351 1213 469 1297 potum
497 1209 552 1277 vel
577 1209 714 1277 aliunde
742 1215 903 1298 qnaerant,
934 1211 988 1278 vel
1010 1231 1052 1280 ex
1073 1212 1183 1300 puteis
1219 1264 1223 1275 .

178 1331 345 1411 hauriant,
368 1339 400 1401 et
418 1353 542 1421 magna
555 1354 632 1422 pars
647 1340 813 1412 veterum,
831 1335 918 1403 inter
931 1356 1014 1422 quas
1032 1336 1180 1413 Athena,

178 1454 315 1523 urbium
344 1455 463 1524 eadem
488 1457 641 1526 laborant
665 1459 817 1547 penuria,
839 1459 904 1527 Sed
927 1459 1010 1526 olim
1028 1459 1183 1528 institue-

179 1579 303 1648 bantur
320 1600 463 1669 operum·
489 1588 613 1650 tractus
642 1582 700 1670 qui
730 1581 943 1670 desumptam
962 1602 1003 1650 ex
1023 1582 1185 1670 proximis

180 1705 354 1773 montibus
375 1698 506 1794 aquam'
516 1705 572 1774 vel
595 1706 718 1793 apertis
732 1705 787 1773 uel
802 1705 899 1774 tectis
914 1705 978 1772 snb
992 1709 1115 1773 terram
1130 1725 1185 1774 ca·

180 1831 315 1899 nalibus
329 1832 414 1910 imae,
433 1830 564 1910 mediae,
581 1837 639 1898 aut
653 1852 795 1898 summae
810 1832 911 1900 etiam
921 1832 1006 1899 arcis
1020 1831 1187 1900 altitudini

181 1955 410 2043 importarent,
443 1954 534 2022 unde
557 1975 618 2043 per
645 1975 683 2022 00
716 1955 809 2044 putei
839 1954 1018 2044 petereturss
1050 1957 1188 2024 Exstant

182 2080 288 2149 Naxio
303 2080 337 2146 in
352 2099 432 2167 agro
448 2078 615 2168 ejusmodi
628 2079 739 2168 operis
759 2080 912 2168 vestigia,
927 2080 1065 2149 Venetis
1085 2086 1185 2160 certe,

183 2226 222 2273 00
237 2226 305 2293 quc
320 2224 411 2272 nunc
424 2211 476 2274 est
489 2210 649 2295 apparatu
660 2203 875 2282 attribuendi,
887 2203 947 2273 sed
957 2203 1048 2292 quod
1076 2203 1189 2283 forsan

147 2312 150 2319 ²
184 2330 265 2397 olim
279 2329 384 2409 utilis,
400 2336 517 2419 postea
528 2329 703 2398 disturbati
713 2329 931 2418 aquaeductns
941 2331 1103 2419 reparatio
1113 2329 1187 2396 fuit
1266 2409 1270 2416 .

183 2458 209 2523 A
226 2455 369 2523 collibus
389 2458 493 2522 Florio
513 2460 546 2523 01
560 2459 786 2535 Combontbua,
803 2455 845 2523 ab
864 2455 1037 2523 occidente
1051 2454 1188 2526 scilicet.

185 2579 227 2648 ad
247 2580 367 2647 urbem
382 2572 477 2648 'recta
492 2600 596 2671 prope
624 2581 689 2648 via·
702 2580 892 2649 accedebat.
923 2582 970 2647 Ex
998 2579 1062 2648 hoc
1086 2577 1192 2647 canali

187 2704 358 2794 derivatus
377 2713 448 2773 erat
461 2706 538 2792 fons
557 2726 660 2794 quem
667 2708 797 2774 Hassan
810 2709 891 2795 Aga,
914 2727 1003 2774 unus
1022 2703 1194 2775 exdureis

125 2877 127 2882 .
186 2830 277 2920 apud
286 2832 412 2899 Naxios
426 2831 604 2921 praefectis,
617 2832 711 2901 mille
725 2833 881 2922 passibus
891 2853 911 2900 a
923 2835 1016 2899 Naxo
1027 2832 1062 2898 in
1077 2832 1194 2923 itinere

186 2955 230 3024 ad
244 2957 392 3045 Engares
412 2953 597 3026 viatoribus
609 2957 841 3047 jumentisque
861 2958 979 3024 eorum
1004 2956 1195 3025 recreandis

187 3080 409 3150 aedfficavorat
423 3081 464 3149 1).
482 3081 547 3151 Sed
564 3068 819 3167 ductusomnes
841 3082 929 3171 rupti
953 3080 1196 3171 disturbatione

78 3268 92 3297 .
189 3210 280 3284 sunt,
294 3211 432 3293 aretque
444 3205 545 3274 hodie
559 3206 656 3285 fons;
675 3206 762 3274 aruit
771 3209 805 3272 et
815 3205 874 3292 qni
885 3203 1057 3272 dicebatur
1071 3204 1106 3270 in
1122 3205 1195 3292 ipso

190 3328 317 3396 ducum
325 3329 448 3418 palatio
463 3330 642 3399 exstitisse.
656 3330 746 3396 Tum
759 3328 787 3394 si
804 3327 880 3415 quis
895 3327 1020 3394 canalis
1034 3327 1198 3416 potabiles

191 3454 301 3523 undas
316 3445 470 3523 Ariadnae
485 3455 569 3524 fonti
585 3455 760 3535 inferebat,
783 3454 995 3522 immixtione
1009 3474 1199 3522 amararum

191 3599 356 3667 aquarum
373 3585 549 3669 corruptus
568 3579 642 3648 fuit.
656 3581 761 3659 Certe,
780 3578 864 3645 urbe
879 3578 915 3644 in
930 3578 984 3645 his
998 3578 1083 3645 locis
1094 3577 1199 3645 1011111-

192 3711 276 3787 cata,
299 3712 457 3774 caverant
477 3711 607 3775 veteres
623 3712 660 3773 ut
682 3705 730 3772 ibi
740 3711 845 3792 ‘potus
868 3725 936 3771 non
961 3704 1129 3780 deficeret,
1147 3703 1200 3770 vel

192 3852 317 3922 magna
330 3833 485 3920 impensa
499 3836 532 3899 et
546 3831 653 3899 multo
670 3830 783 3897 labore
799 3827 1010 3918 quarendus.
1053 3810 1056 3814 ¹

240 3956 411 4033 Quantum
435 3955 558 4044 conjici
581 3959 708 4043 potest,
738 3954 819 4021 urbs
844 3952 920 4020 colli
939 3952 999 4018 toti
1016 3949 1200 4024 insidebat,
1242 3994 1246 4003 ·

235 4221 371 4294 (1111000,
387 4221 437 4292 Op.
454 4221 602 4290 011.,1,38.
