3159 5150
811 561 968 617 -rld-

265 706 271 716 '
392 723 434 771 ex
444 723 484 771 eo
493 707 644 791 tempore
653 707 820 792 reparata,
831 704 1066 791 inscriptaque,
1076 705 1110 770 iu
1118 702 1392 794 supplementum

348 905 352 911 ¹
392 828 615 908 contumeliae,
629 829 1087 917 monumentisejusuomina
1102 834 1135 897 et
1148 829 1394 899 laudescrude-
1503 848 1505 851 ·

390 955 511 1023 lissimi
532 954 719 1022 victorisu).
737 956 863 1043 Regem
877 974 971 1034 vero,
997 977 1102 1043 quum
1121 962 1190 1024 tres
1208 977 1315 1027 annos
1329 958 1390 1026 do-

339 1080 341 1087 ’
390 1082 537 1149 minatus
556 1081 590 1147 in
606 1081 733 1148 insulas
747 1086 848 1159 esset,
870 1080 1006 1149 tandem
1025 1082 1060 1149 in
1078 1083 1192 1151 Asiam
1207 1084 1309 1171 Sylla,
1325 1085 1390 1151 im·
1456 1120 1460 1129 <

389 1205 497 1295 posita
513 1186 603 1292 turpi
631 1225 723 1292 pace,
746 1204 881 1292 repulit.
914 1205 1062 1293 Relapsae
1084 1204 1300 1273 inditionem
1324 1208 1389 1274 Ro-

390 1349 524 1397 manam
535 1328 705 1416 Cyclades
719 1348 761 1395 ne
768 1328 989 1415 tumquidem
996 1328 1062 1396 frui
1072 1330 1185 1417 quiete
1196 1336 1387 1419 potuerunt

388 1451 718 1533 commodantibus
741 1451 872 1518 ltaliam
895 1451 994 1519 bellis
1009 1452 1176 1532 civilibus,
1194 1453 1308 1542 piratae
1331 1473 1391 1541 per

388 1586 498 1647 annos
521 1576 656 1664 triginta
679 1595 771 1642 mare
790 1576 992 1663 expilavere,
1005 1597 1115 1664 neque
1131 1578 1278 1645 cohiberi
1291 1578 1390 1645 nisia

388 1702 545 1790 Pompeio
572 1706 752 1790 potuerunt
766 1699 844 1786 (68),
866 1701 935 1788 qui,
958 1700 1129 1769 dictatoria
1147 1708 1310 1790 potestate
1330 1721 1390 1790 per

388 1833 494 1896 totum
506 1826 608 1893 maris
628 1825 846 1911 littorumque
861 1825 1006 1913 spatium
1025 1831 1173 1905 ornatus
1200 1826 1390 1894 Mediterra-

386 1974 490 2022 neum
519 1953 554 2018 in
582 1956 688 2019 certas
716 1955 826 2038 partes
855 1949 988 2030 divisit,
1015 1972 1158 2039 quarum
1179 1945 1389 2039 unaquaque

386 2078 445 2144 uni
472 2078 659 2165 legatorum
685 2075 859 2164 permissa.
882 2074 1007 2163 Obtigit
1025 2079 1138 2142 autem
1153 2076 1303 2163 AEgaeum
1324 2076 1385 2143 Te-

386 2202 494 2273 rentio
512 2200 653 2281 Varroni
667 2197 713 2301 ill,
732 2198 918 2285 deletisque
937 2197 980 2265 ad
1007 2218 1115 2274 unum
1147 2199 1274 2287 piratis,
1304 2199 1387 2269 mari

255 2385 257 2389 .
387 2348 451 2415 pax
465 2326 595 2397 reddita
607 2330 670 2394 est.

430 2450 496 2520 Sed
506 2452 577 2539 jam
592 2451 795 2521 resumenda
806 2449 938 2518 fuerant
948 2449 1153 2519 insularibus
1165 2470 1268 2529 arma,
1282 2450 1387 2518 Caesar

384 2579 477 2648 enim
490 2577 697 2648 Rubiconem
717 2576 781 2663 (49)
798 2578 980 2664 trajecerat,
998 2575 1254 2664 Pompeiusque,
1272 2573 1388 2644 relicta
1480 2610 1485 2620 ·

386 2703 490 2783 ltalia,
506 2703 549 2771 ad
567 2699 709 2774 tuendas
728 2703 822 2790 leges
837 2706 1058 2788 senatumque
1073 2698 1239 2789 quidquid
1252 2700 1338 2768 foret
1352 2700 1386 2766 iu
1462 2693 1466 2700 ’

385 2831 507 2900 Grauia
525 2836 558 2900 et
584 2831 619 2900 in
639 2830 772 2900 Oriente
799 2828 923 2897 virium
951 2800 1202 2900 convocaverat.
1232 2827 1386 2915 Undique

375 2957 487 3045 ,igitur
505 2955 640 3035 auxilia,
661 2975 721 3043 pro
737 2953 826 3021 virili
852 2958 957 3041 parte,
986 2952 1028 3020 ab
1051 2952 1204 3032 Athenis,
1231 2953 1382 3039 Corcyra,

385 3075 594 3178 Cycladibus
608 3091 762 3177 AEgypto,
772 3086 860 3166 Asia,
878 3086 1038 3174 Syriaque
1054 3086 1159 3153 misse
1168 3085 1212 3164 (³),
1223 3090 1256 3154 et
1270 3085 1385 3154 classis

386 3217 506 3304 ingens
516 3219 627 3282 coacta
640 3220 702 3293 est,
719 3234 780 3302 per
792 3233 894 3301 quam
904 3212 1050 3282 mediam
1064 3234 1170 3300 quum
1182 3212 1384 3284 Caesartran-

386 3341 509 3419 disset,
526 3339 776 3429 appulissetque
797 3340 1028 3427 Dyrrachium,
1046 3337 1088 3408 ad
1103 3338 1299 3410 Pharsalum
1319 3359 1384 3406 una

384 3465 696 3554 pugnadehellavit.
713 3467 840 3554 Fugam
859 3465 1008 3554 Pompeii
1030 3464 1147 3532 classis
1165 3470 1279 3532 secuta
1301 3470 1380 3542 erat,

384 3590 495 3658 adhuc
511 3591 651 3680 integra,
677 3590 738 3659 sed
756 3596 934 3679 superante
959 3591 1094 3659 fortuna
1114 3589 1259 3684 casaris,
1285 3589 1381 3658 Pom·
1470 3595 1472 3600 '

384 3716 480 3804 peius
494 3716 593 3803 jussu
615 3715 756 3805 hospitis
784 3716 849 3795 sui,
869 3714 1049 3795 Ptolemaei,
1071 3712 1275 3792 trucidatur;
1297 3711 1382 3782 inde

384 3844 588 3931 quicumque
596 3843 783 3912 libertatem
794 3842 1003 3910 occidentem
1014 3840 1273 3928 defendebant
1292 3856 1381 3908 arma

419 4048 456 4120 (l)
469 4048 596 4113 Bmcnm,
611 4047 639 4102 C.
654 4048 680 4100 I.
698 4045 743 4115 6.,
755 4047 847 4100 Delos.

418 4136 456 4208 (2)
471 4138 589 4200 urceus,
605 4151 644 4200 ιιι,
658 4135 684 4189 6.

419 4223 457 4295 (3)
470 4224 591 4288 (lmen,
606 4222 681 4275 Bell.
697 4222 787 4287 civit,
798 4237 837 4286 ιιι,
852 4219 878 4276 3.
