3159 5150
583 1367 820 1415 INTERIOBES
847 1368 998 1417 INSULAE
1023 1369 1172 1416 VALLES

420 1692 587 1781 l'raecipua
612 1701 727 1761 autern
755 1696 838 1762 Naxi
866 1695 940 1763 laus
967 1716 1007 1763 ex
1038 1695 1104 1762 illis
1130 1696 1278 1785 vallibus
1304 1720 1378 1785 qnae

376 1817 462 1883 inter
494 1835 551 1883 eos
573 1822 707 1885 montes
731 1825 847 1905 patent
869 1839 955 1906 quos
981 1819 1253 1899 circumivimus,
1286 1822 1378 1890 littus

374 1949 483 2010 totum
499 1945 752 2033 perlustrantes.
777 1947 919 2014 Maxima
938 1967 1055 2015 aarum
1074 1967 1113 2014 ac
1133 1946 1314 2026 ditissima,
1336 1948 1379 2016 ad

375 2068 498 2135 montis
522 2069 575 2135 Zia
597 2090 753 2137 occasum
783 2070 865 2149 sita,
895 2071 961 2137 nisi
991 2048 1051 2159 per
1078 2078 1238 2159 angustas
1265 2071 1379 2141 fauces

374 2192 490 2279 Sangri
509 2195 636 2282 campis
656 2196 869 2284 religaretur,
898 2196 1036 2263 omnino
1062 2197 1199 2263 occlusa
1217 2201 1298 2264 erat.
1332 2198 1378 2262 Ex

269 2368 272 2372 ι
373 2316 461 2384 edito
493 2320 566 2386 loce
590 2320 895 2408 circumspicienti,
917 2320 1078 2388 tredecim
1104 2322 1202 2409 pagi,
1231 2323 1378 2408 quorum

374 2462 463 2508 unus
478 2463 497 2510 a
511 2443 644 2511 duobus
661 2444 814 2512 millibus
830 2444 1008 2511 huminum
1023 2444 1191 2519 incolitur,
1213 2445 1301 2512 inter
1316 2444 1378 2510 cli-

373 2572 449 2636 veta
467 2573 501 2636 et
518 2589 662 2657 quercus
680 2573 852 2660 apparent.
879 2570 1000 2637 Ceterae
1020 2568 1190 2658 lrugilerae
1218 2569 1376 2649 arbores,

373 2717 459 2764 nuce
478 2701 615 2784 excepta
631 2703 664 2764 et
678 2697 867 2785 amygdala,
881 2717 967 2785 aegrc
983 2697 1135 2765 veniunt.
1153 2696 1274 2785 Frigus
1287 2697 1379 2764 enim

372 2823 492 2901 acrius
514 2828 547 2890 et
565 2825 686 2889 ventus
705 2820 890 2889 terribilem
910 2822 944 2888 in
967 2821 1125 2900 madum,
1143 2822 1178 2887 in
1197 2821 1260 2889 hac
1283 2822 1379 2909 quasi

371 2968 529 3027 caverna,
551 2948 642 3015 unde
661 2948 772 3014 exitus
792 2948 918 3024 nullus,
940 2947 1130 3015 bacchatur.
1153 2946 1288 3037 Semitae
1306 2967 1377 3014 rna-

371 3095 473 3164 gnam
493 3079 621 3163 partem
647 3073 692 3141 ita
711 3072 890 3162 depressae,
916 3080 954 3140 ut
972 3073 1066 3161 quasi
1086 3072 1312 3141 subterraneae
1326 3073 1377 3140 vi-

358 3198 522 3277 deantur,
549 3202 648 3286 atque
670 3204 736 3265 tam
757 3204 926 3287 angusta,
950 3205 987 3265 ut
1004 3197 1176 3265 interdum
1195 3198 1250 3266 vix
1271 3219 1376 3265 unum

369 3324 542 3392 hominem
557 3324 721 3413 accipiant
736 3330 768 3392 et
779 3324 1018 3400 transmittant,
1033 3344 1121 3413 saepe
1133 3324 1166 3390 in
1180 3325 1378 3392 torrentium

368 3449 482 3516 alveos
496 3453 738 3526 transmutatae,
760 3448 847 3516 inter
865 3446 990 3515 virides
1009 3467 1107 3535 sepes
1128 3440 1170 3514 ab
1185 3468 1254 3515 unc
1273 3446 1316 3515 ad
1330 3447 1379 3514 al-

370 3579 478 3640 terum
495 3573 607 3640 vicum
622 3579 771 3661 serpunt.
791 3574 888 3644 Hanc
909 3573 1049 3650 vallem,
1072 3592 1174 3659 quam
1199 3571 1279 3639 dicit
1298 3577 1379 3639 Dar-

368 3702 499 3763 millum
513 3698 680 3777 Placenza
700 3704 737 3765 ut
755 3699 857 3765 totius
874 3697 992 3790 insulae
1011 3695 1286 3765 fecundissimam
1307 3696 1380 3763 lau-

371 3820 445 3899 dat;
472 3820 559 3888 Pash
586 3821 628 3889 de
655 3822 778 3890 Kriene
800 3825 844 3911 (p.
872 3821 926 3907 cl)
948 3828 1022 3888 ceto
1049 3841 1153 3910 pagos
1173 3819 1380 3906 easdemque

369 3946 597 4034 amplissimos
621 3947 791 4014 continere
811 3945 965 4012 affirmat.
991 3945 1139 4012 Assentit
1162 3949 1195 4012 et
1214 3944 1285 4012 istis
1304 3944 1377 4011 lau-

368 4072 467 4141 dibus
492 4073 575 4140 Rcss
599 4073 636 4158 (l,
663 4043 811 4159 litqui
831 4070 932 4138 etiam
952 4071 1099 4137 nominis
1120 4074 1292 4154 Dryrrccltae
1313 4071 1380 4139 cri-

368 4197 483 4288 gincm
503 4194 691 4286 investigat.
724 4195 806 4264 Vult
828 4192 972 4261 verbum
1001 4192 1066 4261 hoc
1091 4215 1110 4262 a
1134 4219 1151 4257 ι(
1169 4203 1269 4284 τρύμη,
1296 4200 1383 4280 ferc-
