3159 5150
823 564 964 619 -92..

394 704 474 771 toris
501 705 755 793 insularumque
783 708 969 774 vicinarum
1000 709 1119 775 Graeca
1143 708 1397 776 somniamus

392 829 583 918 classesque
612 830 742 899 trudere
757 839 877 900 coacta
899 839 990 911 suut,
1007 833 1131 921 quibus
1150 833 1329 930 populares
1344 833 1395 899 sui

393 954 671 1041 opprimerentur.
702 956 836 1045 Septem
864 962 898 1024 et
922 956 1039 1024 decem
1065 957 1210 1044 navigia,
1237 957 1395 1025 omnihus

392 1077 493 1145 rebus
510 1078 772 1167 hominibusque
783 1081 955 1159 instructa,
969 1102 1045 1147 cum
1063 1080 1206 1148 ducibus
1224 1082 1294 1149 suis
1312 1101 1393 1170 pra-

392 1202 549 1269 stiteruut
563 1201 602 1268 (¹).
628 1202 786 1289 Cyclades
813 1204 894 1292 ipsae
923 1204 1051 1293 aliquid
1080 1205 1239 1273 exercitui
1254 1205 1395 1273 Barbaro

393 1325 543 1394 conferre
557 1327 671 1416 jussa,
690 1326 781 1395 haud
796 1336 927 1417 gratum
953 1328 1135 1418 imperium
1148 1349 1236 1417 aegre
1255 1350 1394 1398 exsecu-

393 1456 435 1517 ta
453 1457 556 1526 suut;
584 1472 689 1553 quum
714 1458 827 1519 autem
846 1472 1001 1521 recusare
1018 1475 1087 1521 non
1107 1453 1282 1534 auderent,
1300 1476 1394 1544 para·
1423 1481 1426 1485 ·

393 1593 472 1642 vere
490 1575 615 1654 omnia,
632 1580 680 1656 ut,
707 1578 735 1644 si
753 1579 806 1645 uis
824 1578 1005 1665 ingrueret,
1022 1580 1213 1647 necessitati
1227 1579 1393 1658 cederent,

393 1698 622 1789 haberentque
640 1702 731 1791 quod
746 1704 854 1771 Persis
873 1704 1112 1772 ministrarent.
1134 1707 1283 1794 Ruptum
1306 1706 1395 1773 eninr

393 1829 464 1891 erat
478 1824 653 1892 Persarum
677 1828 710 1895 vi
725 1827 915 1895 insularum
927 1828 1116 1896 Ionicarum
1144 1802 1266 1909 foedus,
1287 1849 1397 1917 neque

390 1947 460 2036 jam
488 1947 597 2014 ullum
629 1950 743 2016 Nauis
773 1950 808 2015 in
837 1950 947 2018 Parios
973 1950 1184 2038 Andriosqne
1204 1952 1393 2040 imperium.

394 2070 538 2158 Singulae
552 2064 604 2137 sui
624 2073 710 2161 juris
725 2079 830 2153 eraut,
848 2080 882 2142 et
901 2074 935 2140 in
955 2079 1022 2140 tam
1046 2074 1182 2142 incertis
1204 2074 1306 2142 rebus
1321 2095 1396 2163 gra-

393 2194 560 2283 vibusque
586 2199 854 2286 tempestatibus,
885 2220 981 2266 suam
1009 2219 1152 2286 quaeque
1174 2204 1324 2291 mentem
1343 2220 1396 2266 se-

394 2323 469 2386 cuta
486 2326 547 2387 est.
570 2321 663 2400 Ceos,
691 2328 729 2388 ut
755 2343 830 2409 quae
850 2323 964 2388 Atticae
980 2321 1132 2400 vicinior,
1164 2321 1308 2409 ideoque
1322 2343 1394 2388 ma-

394 2444 446 2530 gis
469 2449 550 2523 tuta,
568 2445 675 2534 prima
699 2466 780 2513 ausa
803 2453 865 2525 cst,
884 2445 925 2513 ab
946 2446 1041 2512 initio
1070 2445 1162 2525 belli,
1191 2466 1252 2533 pro
1278 2446 1396 2514 Grecis

394 2572 493 2646 stare,
511 2589 700 2658 navemque
721 2591 824 2638 unam
844 2568 886 2638 sd
903 2568 1122 2638 'Artemisium
1141 2568 1285 2637 mittere.
1317 2570 1395 2638 Pos-

393 2699 447 2759 tea
462 2694 582 2772 Naxos,
600 2694 690 2762 idem
714 2695 907 2784 exemplum
933 2695 1073 2772 imitata,
1109 2714 1212 2762 naves
1233 2695 1393 2782 quinque,

393 2816 435 2884 ad
455 2818 617 2906 auxilium
632 2820 809 2887 Persarum
822 2824 964 2907 paratas,
981 2818 1101 2885 Graccis
1120 2818 1298 2886 associavit
1309 2817 1397 2907 apud
1507 2862 1510 2869 -

394 2943 562 3012 Salamiua
594 2945 700 3013 classe
732 2946 992 3013 conflictaturos.
1024 2946 1106 3013 Ceos
1137 2944 1276 3013 alteram
1301 2945 1396 3012 trire-

393 3035 484 3137 mem
499 3070 601 3150 misit,
620 3071 786 3159 Kytbnos
803 3070 971 3158 Seriphos,
990 3070 1146 3158 Siphnos
1161 3069 1276 3146 Melos,
1290 3069 1397 3138 Tenos

393 3193 483 3261 idem
502 3195 664 3275 fecerunt,
694 3196 739 3263 ita
765 3203 803 3263 ut
834 3197 904 3264 iere
925 3216 1043 3264 omncs
1070 3195 1247 3281 maritimae
1266 3194 1398 3262 Graeciae
1489 3268 1493 3275 ,

392 3318 541 3386 civitates
555 3326 588 3387 et
601 3313 746 3389 uictoriae
756 3320 955 3400 Salaminiae,
966 3328 999 3389 ct
1010 3311 1150 3388 seruatae
1164 3320 1279 3408 patriae
1289 3318 1398 3387 laudis

393 3443 569 3532 participes
583 3444 718 3513 fuerint.

437 3569 628 3637 Herodotus
641 3569 780 3658 quidem
801 3591 871 3638 nou
891 3570 978 3636 hanc
999 3570 1104 3638 fuisse
1126 3569 1207 3636 dicit
1216 3568 1397 3635 Naxiorum

392 3692 563 3773 virtutem,
586 3694 615 3761 si
634 3694 776 3762 aPersis
799 3693 995 3774 defecerint,
1017 3693 1077 3761 sed
1093 3692 1263 3760 trierarchi
1283 3693 1395 3781 cujus-

393 3818 470 3886 dam
490 3819 680 3899 Democriti,
693 3819 762 3907 qui,
777 3820 895 3908 Jussus
910 3841 971 3907 pro
995 3819 1103 3887 Persis
1125 3817 1287 3886 adversus
1311 3819 1396 3883 Grae-

393 3964 450 4010 cos
469 3963 630 4032 pugnare,
654 3950 741 4011 rates
761 3964 840 4011 suas
868 3943 1084 4011 Themistocli
1103 3942 1290 4018 adduxerit,
1312 3940 1396 4008 invi-

430 4209 604 4281 (l)>Hnncu.,
620 4207 734 4275 Vltoa.
