3159 5150
453 1390 547 1434 NAXI
587 1389 708 1436 URBIS
741 1388 974 1435 DESCRIPTIO

256 1698 484 1767 AMelanibus
502 1697 545 1764 ad
566 1696 738 1765 Livadiam
758 1716 818 1786 per
838 1702 999 1783 angustas
1018 1692 1132 1762 fauces
1153 1693 1219 1761 itur

215 1824 248 1888 in
275 1822 399 1910 quibus
422 1822 569 1889 volvitur
600 1821 731 1889 rivulus
760 1841 838 1887 cum
861 1819 1003 1885 flumine
1028 1818 1215 1891 confluens.

215 1945 298 2013 lude
314 1945 517 2034 prospicitur
531 1945 613 2012 urbs
632 1946 755 2023 Naxus
776 1964 861 2032 quae,
886 1948 924 2011 ut
943 1943 1056 2021 hodic,
1078 1943 1122 2009 ita
1137 1942 1220 2009 olim

216 2069 335 2137 insula
349 2074 448 2158 caput
461 2074 542 2136 erat.
564 2068 646 2136 Colli
665 2068 786 2135 humili
799 2066 1065 2156 imposita,mari
1081 2062 1218 2153 supere*-

217 2194 342 2272 minet;
370 2194 428 2282 qui
447 2212 522 2260 mes
540 2192 694 2261 omniurn
720 2193 934 2280 antiquarum
962 2191 1137 2259 civitatum
1155 2196 1217 2268 est,

216 2337 290 2405 quae
308 2318 455 2406 primurn
479 2317 602 2406 oppida
627 2317 729 2385 modo
756 2322 864 2385 erant.
883 2318 992 2393 Quum
1018 2317 1108 2383 enirn
1128 2315 1221 2403 leges

215 2441 372 2529 gentibus
391 2441 546 2509 nendum
558 2446 672 2510 essent
690 2441 891 2520 constituta,
908 2446 942 2509 et·
956 2441 1071 2529 piratis
1092 2438 1220 2529 praedu-

216 2568 384 2657 nibusque
412 2569 517 2637 maria
544 2575 706 2657 terraeque
733 2567 973 2647 redundarent,
995 2567 1060 2635 hcc
1074 2568 1220 2656 primurn

215 2694 370 2784 agricolis
385 2692 634 2784 providendum
649 2700 728 2775 erat,
742 2700 779 2762 ut
799 2695 864 2762 sibi
876 2695 1014 2783 suisque
1028 2693 1221 2782 perfugium

216 2819 353 2907 aliquod
366 2819 528 2887 adversus
544 2821 736 2910 repentinos
751 2819 900 2888 bostium
915 2821 1061 2908 impetus
1078 2826 1219 2907 pararet.

133 3028 136 3034 Ι
217 2944 299 3012 Inde
319 2943 440 3033 oppida
463 2965 532 3012 nou
562 2945 596 3011 in
625 2944 709 3012 lucis
724 2944 765 3013 ad
799 2945 874 3012 vitae
889 2944 1024 3013 delicias
1043 2945 1099 3012 vel
1122 2944 1222 3010 etiam

217 3088 318 3156 usum
334 3067 528 3155 aptissimis,
547 3066 607 3135 sed
624 3068 663 3135 in
683 3067 861 3135 tutissimis
888 3067 962 3146 sita,
993 3087 1076 3154 quas
1106 3072 1224 3134 vocant

217 3197 388 3278 aucupatis.
407 3193 522 3280 Itaque
542 3193 574 3258 in
596 3191 739 3260 collibus
758 3212 796 3259 ac
820 3192 960 3281 rupibus
973 3190 1123 3278 undique
1137 3212 1222 3279 prae-

191 3318 193 3325 '
219 3317 336 3406 ruptis
346 3318 380 3382 in
395 3318 633 3406 promunturiis
646 3317 806 3406 praeeipiti
817 3322 923 3384 tractu
939 3318 973 3383 in
984 3336 1075 3385 mare
1090 3337 1224 3406 procur-

219 3441 381 3522 rentibus,
404 3442 439 3507 in
460 3441 626 3507 montium
645 3442 823 3510 inaccessis
842 3442 1045 3510 anfractibus
1065 3447 1153 3512 stant
1168 3462 1225 3514 au-

218 3567 416 3654 tiquissinrae
429 3566 607 3634 buminurn
617 3567 726 3635 sedes.
749 3569 846 3635 Nunc
865 3587 999 3656 queque
1014 3568 1049 3633 in
1067 3568 1225 3636 omnibus

219 3692 362 3759 Orientis
372 3692 534 3780 partibus,
552 3692 611 3759 ubi
625 3713 693 3760 nen
707 3694 787 3761 satis
803 3713 931 3773 secura,
944 3694 1058 3781 elapso
1073 3693 1225 3782 proxime

219 3818 345 3897 secula,
362 3818 582 3886 incolentium
591 3819 671 3897 vita,
680 3820 784 3887 latent
794 3820 828 3885 in
843 3817 942 3886 editis
962 3818 1142 3907 arduisque
1157 3823 1224 3885 sta-

219 3942 369 4009 tionibus
387 3943 476 4031 pagi,
494 3942 584 4010 undc
609 3963 707 4010 mane
722 3963 857 4031 quoque
879 3942 991 4008 coloni
1010 3940 1053 4010 ad
1067 3961 1225 4029 agrorum

221 4087 335 4133 curum
350 4066 572 4146 descendunt,
589 4087 728 4155 vespere
737 4086 872 4155 quoque
884 4065 926 4134 ad
941 4087 1035 4134 casas
1045 4065 1222 4133 reversuri.

223 4189 333 4266 Quum
343 4210 402 4279 per
416 4196 464 4258 tut
483 4190 596 4259 secula
612 4191 853 4279 Archipelagus
864 4193 897 4256 et
916 4188 1180 4262 Christianorum
1194 4194 1226 4256 et
