3159 5150
839 592 875 616 .-.
892 573 910 627 g
928 590 962 615 a.

400 718 500 788 Nulla
512 717 604 785 euim
617 728 733 785 earum
747 717 849 786 hodio
868 724 1008 786 manent
1023 718 1177 807 vestigia,
1200 734 1334 806 unaque
1348 738 1403 788 res

401 843 636 931 indigenarum
667 842 880 910 sermonibus
913 848 1104 932 usurpatur,
1144 848 1278 910 antrum
1312 843 1402 931 quod

401 968 604 1037 Baoohidum
619 967 736 1034 dieunt
753 966 798 1035 (q
821 968 961 1036 Intranti
975 973 1066 1056 patet
1084 968 1245 1036 naturalis
1268 988 1399 1056 specus,

399 1093 497 1182 eujus
522 1091 650 1160 aditum
682 1091 797 1160 dumis
828 1092 1065 1183 lapidibusque
1100 1091 1312 1160 obstructum
1347 1112 1403 1159 ara
1467 1111 1469 1115 ·
1575 1076 1576 1093 ²

383 1206 573 1285 ¹obtinebat
601 1232 693 1283 nuno
712 1212 833 1283 diruta.
865 1216 997 1294 Dextra,
1030 1233 1161 1283 camera
1190 1219 1321 1303 septem
1349 1216 1403 1282 vel

398 1344 474 1408 oete
503 1338 606 1428 pedus
631 1338 735 1418 elatam
768 1339 915 1418 sinistra,
939 1339 1053 1407 feuees
1076 1336 1280 1428 panduntur,
1314 1360 1400 1427 quae,

399 1461 563 1530 ledarum
581 1462 795 1531 inpensarum
823 1462 1011 1531 luminibus
1035 1450 1219 1543 illustratae,
1250 1462 1405 1530 diversis-

398 1586 504 1656 simas
518 1587 756 1655 atalaetitarum
766 1588 904 1677 figuras
916 1587 951 1654 iu
962 1590 1181 1676 personarum
1195 1585 1406 1654 animalium-

400 1733 467 1802 que
502 1714 738 1783 bacchantium
774 1715 923 1804 speeies,
966 1714 1159 1782 ostendunt.
1194 1713 1406 1781 Contendunt

400 1838 496 1905 Neuii
513 1838 600 1905 nulli
613 1844 733 1906 notum
746 1859 823 1907 esse
835 1840 1007 1928 speluneae
1020 1838 1123 1928 hujus
1141 1839 1257 1917 tinem,
1278 1838 1314 1904 in
1331 1836 1406 1904 inti·

400 1982 522 2051 maque
540 1968 638 2032 terrae
651 1965 780 2032 viseera
795 1983 871 2033 eam
898 1969 1086 2054 penetrare.
1205 2020 1208 2023 .

440 2087 530 2164 Quid
542 2093 656 2156 autem
678 2088 744 2157 sibi
771 2090 892 2158 volunt
911 2089 1088 2177 desumpta
1113 2089 1176 2155 ista
1197 2088 1240 2156 ab
1258 2088 1406 2176 antiquis

399 2210 619 2299 religionibus
643 2219 676 2281 et
696 2215 821 2281 montis
850 2220 883 2281 et
909 2214 995 2281 autri
1021 2210 1211 2280 voeabula?
1230 2213 1319 2279 Num
1339 2230 1406 2299 qua

399 2335 491 2403 loris
502 2341 538 2402 et
549 2336 671 2404 bouem
685 2338 849 2406 memorie
863 2337 954 2427 apud
967 2337 1132 2405 insulares
1151 2340 1403 2424 portmauro,

400 2466 476 2526 rum
491 2460 625 2540 sertem,
647 2461 700 2528 bis
714 2461 797 2528 loeis
812 2461 993 2529 commissa
1015 2456 1158 2539 duravit,
1183 2478 1226 2526 an
1241 2459 1404 2528 reeentio-

385 2560 386 2564 Ἰ
400 2603 472 2652 rem
485 2583 652 2673 originem
664 2586 738 2653 haeo
752 2586 902 2666 nomina,
911 2586 967 2654 vel
981 2606 1023 2654 ex
1040 2584 1177 2652 fortuito
1194 2602 1276 2651 easu
1293 2585 1349 2652 vel
1363 2605 1406 2652 ex

398 2707 510 2795 aliqua
533 2707 712 2776 deuterum
726 2709 907 2778 bominum
920 2709 1115 2777 auctoritate
1136 2708 1288 2777 ducunt?
1310 2708 1406 2785 Quod

399 2833 538 2921 quidem
552 2833 740 2902 adautrum
754 2839 885 2915 attinet,
899 2836 993 2903 nulla
1003 2835 1251 2903 humaeaeartis
1266 2835 1407 2923 vestigia

400 2963 538 3026 manent
557 2979 635 3047 quaa
648 2959 753 3027 fidem
773 2960 896 3027 saniant
914 2960 996 3026 olim
1022 2958 1221 3026 numinibus
1241 2965 1406 3026 sacratum

399 3081 505 3150 luisse
529 3083 682 3171 adytum,
700 3097 812 3173 neque
838 3085 904 3153 alia
926 3091 977 3153 est
997 3105 1100 3153 eausa
1121 3105 1181 3152 eur
1203 3083 1406 3152 Baeobidum

400 3208 527 3275 mentio
548 3206 634 3276 fecta
646 3209 702 3289 sit,
726 3210 794 3277 nisi
812 3209 897 3277 mira
915 3209 1100 3276 formarum
1119 3209 1273 3287 varietas,
1296 3208 1407 3296 splen-

399 3330 528 3418 dorque
547 3334 802 3414 vstatacdtarum,
819 3335 950 3423 quoties
970 3334 1133 3401 tradamur
1148 3332 1278 3399 lumina
1297 3331 1405 3420 parie-

400 3453 490 3521 tibus
508 3453 667 3522 illudunt.
686 3458 744 3525 list
762 3462 796 3525 et
815 3458 851 3524 in
864 3457 1022 3546 Autiparo
1038 3456 1150 3524 insula
1167 3461 1304 3522 antrum
1315 3456 1407 3544 ejus-

301 3603 303 3616 ·
399 3576 504 3657 medi,
522 3577 629 3646 multo
641 3584 678 3648 et
695 3580 885 3659 altitudine,
907 3587 940 3649 et
954 3580 1040 3647 mira
1056 3578 1244 3667 imaginum
1264 3578 1406 3646 diuersi-

399 3705 465 3780 tate
492 3701 714 3793 splendidius,
742 3704 777 3769 in
799 3713 866 3792 quo
889 3705 988 3774 etiam
1014 3703 1160 3792 autiquae
1182 3702 1407 3791 inscriptionis

399 3832 531 3904 exstant
544 3828 705 3918 reliquia,
716 3830 809 3918 quod
818 3835 931 3898 tamen
949 3830 1036 3898 nulli
1054 3830 1186 3897 numiui
1201 3828 1406 3918 adscriptum

399 3957 460 4018 est.
483 3952 586 4019 Menti
606 3958 722 4022 autem
740 3953 820 4022 hinc
834 3974 959 4022 nomeu
978 3954 1124 4022 inditum
1142 3975 1219 4022 esse
1241 3951 1354 4020 oredo.
1373 3953 1405 4018 Si

435 4215 474 4288 (l)
489 4217 620 4284 Flauum,
632 4218 653 4271 t.
663 4233 691 4272 o.
