3159 5150
721 574 723 589 ¹
820 561 959 647 42(-

339 740 345 749 ·
389 724 467 772 cum
486 704 589 782 ferax,
617 704 847 793 silvarumque
870 706 904 771 in
928 705 1051 792 quibus
1075 704 1224 772 latebunt
1249 725 1328 773 sues
1355 712 1389 774 et

337 871 340 876 -
389 827 489 897 cervi.
507 828 703 916 Quanquam
720 834 797 897 ante
811 829 947 918 triginta
959 848 1067 896 annos
1081 829 1164 896 Ross
1182 848 1297 897 aarum
1311 850 1388 898 ves-

388 952 468 1040 tigia
486 972 505 1019 a
524 972 560 1020 sa
571 945 897 1043 ¹deprehensa-dicit,
919 953 1054 1021 nullum
1073 973 1164 1020 nunc
1179 954 1304 1033 manet,
1326 975 1389 1023 nec

280 1096 284 1104 ⁴
370 1073 456 1144 ulla
474 1075 539 1145 alie
561 1076 678 1144 oculos
699 1076 827 1145 detinet
849 1078 973 1167 planta,
992 1077 1058 1145 nisi
1075 1077 1192 1146 elatior
1210 1077 1387 1147 abunden-

387 1199 527 1288 ttorque,
546 1221 648 1289 quam
662 1202 781 1270 ceteris
797 1203 831 1268 in
846 1203 942 1283 locis,
954 1202 1053 1269 filicis
1067 1202 1207 1291 species.
1222 1202 1389 1272 Orientale

386 1326 511 1394 montis
533 1325 715 1393 Coronidos
735 1326 823 1393 latus
839 1347 978 1415 specum
991 1326 1093 1395 habet
1111 1347 1179 1414 quo
1194 1326 1296 1394 hodie
1315 1347 1389 1416 pas-

387 1422 476 1516 tores
490 1450 715 1538 pecudesque,
734 1450 889 1519 umbram
903 1456 937 1518 et
950 1450 1060 1539 frigus
1072 1442 1256 1540 captantes
1269 1470 1389 1520 conve·

378 1572 494 1640 minut.
513 1575 591 1642 Post
621 1575 838 1655 vestibulum,
856 1577 984 1664 aliquot
997 1575 1100 1665 pedes
1115 1576 1257 1664 largum,
1274 1579 1389 1665 patent

386 1702 454 1765 tres
463 1698 566 1779 cellae,
584 1700 671 1767 inter
681 1719 717 1767 se
727 1706 871 1788 angusto
885 1705 919 1767 et
931 1699 1090 1788 depresso
1103 1704 1216 1766 meatu
1227 1699 1387 1803 conJ'unc-

386 1827 438 1901 tae,
463 1844 537 1911 quae
560 1825 713 1892 consulto
741 1830 916 1893 camerata
941 1823 1110 1903 videntur,
1134 1844 1203 1890 non
1222 1827 1335 1891 tamen
1350 1828 1389 1892 ut

385 1965 439 2013 ars
460 1946 609 2016 humana
627 1947 805 2017 manifeste
824 1953 990 2038 appareat.
1011 1949 1126 2015 Hocne
1144 1967 1251 2015 unum
1270 1951 1322 2014 est
1346 1966 1387 2014 ex

385 2070 504 2159 priscis
522 2071 588 2138 illis
607 2071 758 2140 sacrariis
778 2092 854 2160 quae
872 2071 948 2139 rudi
966 2071 1077 2140 adhuc
1094 2070 1228 2160 generis
1247 2070 1387 2139 humani

384 2197 505 2286 pietate
532 2198 692 2288 nymphis
715 2198 944 2287 heroibusque
976 2198 1090 2288 patriis
1124 2197 1387 2267 dedicabantur?

385 2312 465 2381 Tres
484 2315 576 2382 anim
599 2320 678 2383 sunt
699 2315 804 2395 cellae,
825 2336 901 2403 quaa
926 2316 1033 2383 tribus
1056 2315 1175 2383 Bacchi
1202 2315 1387 2383 nutricibus

384 2438 625 2527 respondeant,
652 2460 947 2529 unaquecarum,
965 2440 1118 2519 Coronis,
1140 2460 1266 2508 nornen
1286 2460 1387 2508 suum

384 2563 491 2631 monti
504 2563 682 2634 tradidisse
697 2563 787 2633 credi
806 2570 927 2655 potest,
944 2586 1005 2655 per
1019 2570 1068 2634 tot
1082 2565 1195 2633 secula
1209 2586 1385 2655 asservan-

385 2687 468 2755 dum
482 2688 510 2743 l¹l
531 2689 583 2757 Sic
596 2690 631 2756 in
646 2691 809 2757 Parnasso
824 2691 999 2778 Corycium
1013 2696 1147 2758 antrum
1165 2689 1337 2779 nymphis,
1351 2689 1386 2756 in

384 2814 545 2882 Helicone
559 2814 741 2904 Trophonii
759 2835 899 2904 specum
917 2814 1011 2884 heroi
1030 2815 1189 2884 Thebano
1203 2815 1387 2903 antiquitus

384 2942 615 3005 consecratum
624 2961 632 3017 ;
656 2939 705 3005 sic
720 2943 754 3006 et
775 2938 810 3004 in
828 2939 964 3028 AEgypti
982 2939 1123 3028 rupibus
1138 2944 1296 3007 excavata
1314 2958 1385 3006 cer·
1407 2925 1410 2933 ’

384 3065 511 3129 nuntur
529 3061 640 3148 adyta,
657 3062 813 3131 eamdem
831 3084 870 3131 ac
883 3063 1027 3131 Naxium
1042 3063 1127 3132 illud
1140 3064 1284 3131 formam
1300 3062 1385 3130 refe-

383 3185 500 3263 rentia,
525 3191 593 3253 tres
623 3186 682 3253 uhi
713 3188 868 3268 zotheca,
891 3187 1079 3255 simulacris
1107 3187 1248 3255 deorum
1275 3191 1388 3275 parata

383 3310 604 3398 receptacula,
624 3330 665 3378 ex
679 3311 847 3380 vestibulo
864 3332 932 3380 uno
947 3313 1058 3380 lucem
1072 3331 1312 3399 accessumque
1326 3310 1386 3378 ba-

384 3434 496 3502 beant.
520 3434 620 3502 Nulla
642 3456 721 3503 vero
750 3436 885 3504 inventa
909 3440 961 3504 est
982 3435 1167 3525 inscriptio,
1196 3436 1311 3503 nullus
1335 3435 1386 3501 in-

385 3557 518 3647 culptus
537 3559 633 3648 lapis,
655 3560 714 3648 qui
735 3562 875 3630 certiora
893 3560 988 3629 daret
1001 3566 1035 3629 et
1053 3560 1095 3628 de
1110 3560 1235 3627 montis
1249 3561 1388 3628 nomine

384 3687 417 3751 et
433 3683 616 3753 desacrata
629 3686 789 3775 nymphis
803 3685 884 3754 sede
903 3685 1115 3754 documenta.

429 3809 477 3875 Ex
501 3809 614 3878 medio
634 3810 692 3877 illo
708 3810 877 3879 montium
895 3815 1003 3878 tractu
1028 3811 1166 3899 plurimi
1179 3811 1242 3878 rivi
1257 3818 1386 3877 torren-

384 3940 478 4003 tesve
507 3936 541 4002 in
565 3956 701 4026 campos
724 3943 757 4005 et
775 3937 880 4005 valles
905 3937 998 4025 jugis
1018 3937 1251 4026 interjacentes
1269 3935 1386 4004 fortili—

419 4213 457 4284 (l)
473 4213 556 4282 Ross,
572 4232 616 4286 op.
632 4216 692 4281 cit,
709 4214 729 4282 1,
741 4212 785 4267 38.
801 4241 837 4254 -
851 4212 980 4276 laomen,
996 4211 1086 4280 Nox„
1107 4215 1242 4284 descript.
