3159 5150
624 602 658 613 ..
679 571 780 626 123·-

204 720 319 779 civibns
334 719 518 778 colebantur.
532 718 637 778 Divisa
650 718 680 776 in
695 719 769 777 duas
783 718 905 788 classes,
917 718 951 775 ut
963 715 1044 783 alibi,
1057 716 1201 791 juvenum

203 827 302 898 turba,
317 825 548 885 adolescentium
563 819 791 903 puerorumque.
809 825 944 883 Praeerat
969 822 1125 899 gymnasio
1140 838 1204 880 ma·

187 934 358 1015 'gistratua
373 950 460 1009 quem
470 932 748 1011 gymnasiorcbum
763 932 876 1002 dicunt,
891 930 938 989 cui
953 929 1093 989 adstabat
1104 928 1133 986 in
1149 927 1203 988 ali·

204 1043 276 1117 quot
289 1039 461 1099 civitatibus
475 1038 827 1117 hypcqymauriarcbus,
837 1039 922 1114 cujus
932 1036 1043 1096 mentio
1052 1035 1203 1095 invenitur

206 1151 269 1207 tum
282 1146 312 1204 in
326 1145 429 1222 paucis
438 1145 624 1222 antiquorum
635 1145 815 1222 scriptorum
827 1140 950 1215 locis(¹),
962 1146 1026 1202 tum
1035 1143 1065 1201 in
1078 1141 1204 1219 inscrip-

204 1257 284 1315 tione
300 1256 426 1331 quadam
439 1250 611 1327 insularum,
623 1272 641 1313 a
654 1253 762 1314 Rossic
774 1254 856 1313 edita
865 1250 907 1312 (²).
918 1251 1204 1329 Hyperbormoeiui

206 1365 306 1422 autem
319 1361 567 1437 inscribebantur,
582 1361 704 1420 honoris
729 1378 830 1431 causa,
847 1358 957 1419 civium
986 1357 1203 1436 praecipuorum

205 1468 346 1541 nonnulli,
362 1469 412 1546 qui
425 1469 552 1546 aliquam
565 1469 614 1528 vel
628 1486 750 1546 operam
762 1467 813 1526 vel
828 1465 983 1544 pecuniam
998 1467 1034 1526 ad
1049 1465 1205 1544 gymnasia

206 1578 424 1655 impendebant.
440 1578 522 1636 Inter
535 1576 653 1637 nomina
678 1575 718 1634 ibi
738 1567 852 1653 scripta
865 1574 1027 1640 notandum
1048 1576 1105 1645 est,
1127 1574 1204 1650 Try-

202 1666 300 1761 p'boo,
324 1684 401 1760 quod
419 1683 635 1763 AEgyptiacum
663 1684 719 1753 ost,
742 1680 843 1739 forsan
869 1678 996 1738 hominis
1016 1698 1054 1738 ox
1069 1680 1204 1755 AEgyptc

206 1789 323 1862 Naxon,
341 1790 410 1848 dum
423 1789 520 1849 insula
532 1789 586 1848 sub
600 1789 772 1851 Ptolemaeis
786 1791 864 1857 erat,
876 1786 1008 1850 advecti.
1024 1787 1100 1844 Tum
1120 1784 1206 1862 plura

206 1882 366 1955 occurrunt
378 1894 483 1954 Latina
493 1895 650 1970 vocabula,
666 1895 780 1969 Aulus,
802 1897 945 1967 Publius,
961 1892 1124 1960 Sectiliur,
1134 1890 1204 1948 Aa·

204 2011 311 2090 fidius,
331 2010 489 2082 Coediciur,
499 2011 638 2085 Murcus,
654 2000 802 2091 Spurius,
816 2011 931 2070 Lucius
944 2007 1008 2091 (qui
1023 2007 1137 2076 Αεύκιος
1148 2024 1205 2068 non

207 2117 321 2186 Λούκιος
332 2116 461 2194 scriptus
478 2115 548 2197 est),
575 2115 768 2189 Scribonios,
793 2117 858 2178 sive
876 2118 985 2178 civium
1005 2118 1207 2176 Romanorum

207 2224 249 2283 ibi
261 2223 442 2300 degentium,
459 2223 522 2283 sive
540 2222 640 2307 potius
663 2224 871 2287 libertinorum
898 2226 952 2284 aut
976 2222 1128 2282 clientium
1147 2223 1208 2281 Ro·
1250 2204 1253 2211 ¹

208 2329 287 2390 mani
311 2329 447 2406 alicujus,
470 2330 521 2404 qui
540 2329 658 2402 Naxon,
685 2327 747 2399 sive
771 2334 893 2393 senatus
915 2329 1014 2407 jussu,
1035 2348 1071 2389 ac
1089 2328 1207 2406 publico

208 2436 327 2496 functus
343 2453 477 2508 munere,
492 2435 556 2495 sivo
570 2436 683 2514 negotii
697 2454 787 2501 causa
803 2455 839 2497 ao
856 2437 993 2514 privatus
1006 2435 1163 2513 appulerit.

243 2544 276 2604 6⁰
296 2544 329 2603 In
350 2543 487 2608 Ecclesia
509 2543 670 2620 binmaus
690 2543 791 2617 vallis,
811 2543 887 2606 Divo
911 2543 1041 2620 (taorgio
1058 2542 1129 2602 clim
1152 2559 1214 2603 sa-.

209 2653 303 2723 crata,
332 2654 419 2711 sexta
443 2649 598 2732 inscriptio
628 2653 751 2732 reperta
776 2653 833 2723 est,
855 2669 963 2731 supero
981 2651 1082 2727 J'anuse
1112 2649 1208 2709 limini

209 2758 367 2835 insculpta.
381 2759 515 2822 Marmor
530 2757 699 2832 candidum,
717 2757 1209 2833 lmlongum,0m451atum,cujus

209 2864 308 2923 media
320 2882 400 2941 pars,
417 2863 521 2930 iufine
532 2863 746 2941 inscriptionis,
768 2863 900 2928 cardinis
919 2863 1082 2924 insertione
1105 2864 1205 2940 rupta.

208 2969 333 3043 Versus,
359 2974 474 3048 septem
500 2973 532 3032 et
545 2970 652 3052 viginti
669 2988 805 3041 numero,
819 2970 851 3032 in
865 2954 1012 3048 quartuor
1026 2969 1120 3029 series
1134 2984 1208 3046 par-

209 3075 268 3148 titi,
291 3076 377 3137 varia
402 3076 572 3136 litterarum
592 3075 799 3158 magnitudine
814 3082 848 3138 ct
866 3075 975 3156 forma
1005 3075 1106 3136 Series
1129 3074 1207 3133 enim

209 3182 334 3261 singulae
352 3183 439 3248 anuis
458 3183 585 3262 siugulis
602 3180 747 3255 exaratae,
775 3183 945 3248 inmotum
970 3200 1124 3244 sacrarum
1145 3182 1206 3240 De-

209 3291 278 3352 liaci
307 3290 357 3350 vel
373 3289 585 3356 Parthenonici
609 3289 735 3356 athenis
759 3288 894 3352 thesauri
916 3288 1143 3374 inscriptionum
1162 3284 1206 3347 (³).

209 3398 337 3458 Inferior
350 3396 459 3478 lapidis
472 3414 543 3480 pars
557 3396 646 3468 nuda,
660 3399 695 3462 ut
704 3399 866 3478 appareat,
876 3414 967 3476 quum
981 3396 1106 3486 inscribi
1119 3398 1206 3475 lapis,

208 3505 331 3570 ineunte
352 3503 537 3571 Rhodiorum
565 3502 911 3584 deucalionemne
938 3503 988 3578 sit,
1010 3504 1071 3567 illis
1092 3506 1205 3566 obeun-

246 3773 284 3844 (l)
298 3773 377 3828 Dion.
394 3772 461 3833 Sic„
472 3773 506 3834 V,
521 3773 547 3825 7.
565 3800 597 3811 -
612 3771 745 3836 Pansam,
760 3772 780 3838 l,
797 3771 846 3837 183>
859 3771 921 3836 Vll,
935 3771 961 3825 3.

246 3861 284 3933 (2)
298 3862 392 3918 Inscr,
411 3860 502 3926 insol,
517 3861 582 3916 fasc.
600 3860 633 3926 ll,
649 3878 676 3929 p.
694 3858 758 3926 114,
769 3868 800 3916 11⁰
819 3858 864 3925 25,
879 3856 1206 3942 ὑπογυμνασιαρχοῦντος.

247 3958 285 4032 (3.)
300 3957 341 4012 Cf·
356 3957 391 4017 τὰ
405 3954 443 4028 εἰς
458 3956 519 4027 τοὺς
535 3956 678 4033 Νεμεάτας
698 3955 894 4038 ὑπομνήματα,
917 3951 1052 4018 Persam,
1070 3968 1107 4014 Vl,
1130 3950 1173 4016 13,
1193 3950 1210 4004 8

211 4050 267 4104 Hoc
280 4066 364 4119 genus
378 4048 579 4117 inscriptionum
593 4043 735 4125 ἀναγραφή
751 4047 858 4099 dicitur.
873 4074 909 4085 -
925 4043 1098 4097 sacerdotum
1111 4040 1210 4093 catalo-

212 4156 277 4208 gum
294 4138 530 4192 Halicarnasseum.
542 4139 672 4192 memorat
692 4136 756 4193 Onn.
779 4134 906 4195 Muniam,
922 4131 1002 4197 Dea,
1017 4131 1042 4196 l,
1056 4147 1082 4205 p.
1101 4126 1160 4182 ltu.
1176 4145 1209 4189 en

212 4227 360 4292 Bmoamo,
371 4224 399 4281 u.
414 4224 440 4281 1.
458 4222 505 4290 6.,
517 4230 547 4278 u⁰
557 4221 638 4280 2²55.
